
<record>
  <controlfield tag="001">1319280</controlfield>
  <controlfield tag="005">20150205110546.0</controlfield>
  <datafield tag="024" ind1="7" ind2=" ">
    <subfield code="a">10.1088/1475-7516/2015/01/010</subfield>
    <subfield code="2">DOI</subfield>
    <subfield code="9">bibmatch</subfield>
  </datafield>
  <datafield tag="035" ind1=" " ind2=" ">
    <subfield code="9">INSPIRETeX</subfield>
    <subfield code="a">Ellis:2014opa</subfield>
  </datafield>
  <datafield tag="035" ind1=" " ind2=" ">
    <subfield code="9">arXiv</subfield>
    <subfield code="a">oai:arXiv.org:1409.8197</subfield>
  </datafield>
  <datafield tag="037" ind1=" " ind2=" ">
    <subfield code="a">KCL-PH-TH-2014-38</subfield>
  </datafield>
  <datafield tag="037" ind1=" " ind2=" ">
    <subfield code="a">LCTS-2014-37</subfield>
  </datafield>
  <datafield tag="037" ind1=" " ind2=" ">
    <subfield code="a">CERN-PH-TH-2014-183</subfield>
  </datafield>
  <datafield tag="037" ind1=" " ind2=" ">
    <subfield code="a">ACT-11-14</subfield>
  </datafield>
  <datafield tag="037" ind1=" " ind2=" ">
    <subfield code="a">MIFPA-14-28</subfield>
  </datafield>
  <datafield tag="037" ind1=" " ind2=" ">
    <subfield code="a">UMN-TH-3402-14</subfield>
  </datafield>
  <datafield tag="037" ind1=" " ind2=" ">
    <subfield code="a">FTPI-MINN-14-29</subfield>
  </datafield>
  <datafield tag="037" ind1=" " ind2=" ">
    <subfield code="9">arXiv</subfield>
    <subfield code="a">arXiv:1409.8197</subfield>
    <subfield code="c">hep-ph</subfield>
  </datafield>
  <datafield tag="100" ind1=" " ind2=" ">
    <subfield code="a">Ellis, John</subfield>
    <subfield code="u">King's Coll. London</subfield>
    <subfield code="u">CERN</subfield>
  </datafield>
  <datafield tag="245" ind1=" " ind2=" ">
    <subfield code="9">arXiv</subfield>
    <subfield code="a">Two-Field Analysis of No-Scale Supergravity Inflation</subfield>
  </datafield>
  <datafield tag="246" ind1=" " ind2=" ">
    <subfield code="9">arXiv</subfield>
    <subfield code="a">Two-Field Analysis of No-Scale Supergravity Inflation</subfield>
  </datafield>
  <datafield tag="269" ind1=" " ind2=" ">
    <subfield code="c">2014-09-29</subfield>
  </datafield>
  <datafield tag="300" ind1=" " ind2=" ">
    <subfield code="a">33</subfield>
  </datafield>
  <datafield tag="500" ind1=" " ind2=" ">
    <subfield code="9">arXiv</subfield>
    <subfield code="a">33 pages, 14 figures</subfield>
  </datafield>
  <datafield tag="520" ind1=" " ind2=" ">
    <subfield code="9">arXiv</subfield>
    <subfield code="a">Since the building-blocks of supersymmetric models include chiral superfields containing pairs of effective scalar fields, a two-field approach is particularly appropriate for models of inflation based on supergravity. In this paper, we generalize the two-field analysis of the inflationary power spectrum to supergravity models with arbitrary K\"ahler potential. We show how two-field effects in the context of no-scale supergravity can alter the model predictions for the scalar spectral index $n_s$ and the tensor-to-scalar ratio $r$, yielding results that interpolate between the Planck-friendly Starobinsky model and BICEP2-friendly predictions. In particular, we show that two-field effects in a chaotic no-scale inflation model with a quadratic potential are capable of reducing $r$ to very small values $\ll 0.1$. We also calculate the non-Gaussianity measure $f_{\rm NL}$, finding that is well below the current experimental sensitivity.</subfield>
  </datafield>
  <datafield tag="520" ind1=" " ind2=" ">
    <subfield code="a">Since the building-blocks of supersymmetric models include chiral superfields containing pairs of effective scalar fields, a two-field approach is particularly appropriate for models of inflation based on supergravity. In this paper, we generalize the two-field analysis of the inflationary power spectrum to supergravity models with arbitrary Kähler potential. We show how two-field effects in the context of no-scale supergravity can alter the model predictions for the scalar spectral index n(s) and the tensor-to-scalar ratio r, yielding results that interpolate between the Planck-friendly Starobinsky model and BICEP2-friendly predictions. In particular, we show that two-field effects in a chaotic no-scale inflation model with a quadratic potential are capable of reducing r to very small values ll 0.1. We also calculate the non-Gaussianity measure f(NL), finding that is well below the current experimental sensitivity.</subfield>
    <subfield code="9">IOP</subfield>
  </datafield>
  <datafield tag="540" ind1=" " ind2=" ">
    <subfield code="b">arXiv</subfield>
    <subfield code="u">http://arxiv.org/licenses/nonexclusive-distrib/1.0/</subfield>
  </datafield>
  <datafield tag="541" ind1=" " ind2=" ">
    <subfield code="a">arxiv</subfield>
    <subfield code="c">OAI</subfield>
  </datafield>
  <datafield tag="595" ind1=" " ind2="D">
    <subfield code="a">8</subfield>
    <subfield code="s">full</subfield>
    <subfield code="d">2015-02-05</subfield>
  </datafield>
  <datafield tag="650" ind1="1" ind2="7">
    <subfield code="2">arXiv</subfield>
    <subfield code="a">hep-ph</subfield>
  </datafield>
  <datafield tag="650" ind1="1" ind2="7">
    <subfield code="2">arXiv</subfield>
    <subfield code="a">astro-ph.CO</subfield>
  </datafield>
  <datafield tag="650" ind1="1" ind2="7">
    <subfield code="2">arXiv</subfield>
    <subfield code="a">gr-qc</subfield>
  </datafield>
  <datafield tag="650" ind1="1" ind2="7">
    <subfield code="2">arXiv</subfield>
    <subfield code="a">hep-th</subfield>
  </datafield>
  <datafield tag="650" ind1="1" ind2="7">
    <subfield code="2">INSPIRE</subfield>
    <subfield code="a">Phenomenology-HEP</subfield>
  </datafield>
  <datafield tag="650" ind1="1" ind2="7">
    <subfield code="2">INSPIRE</subfield>
    <subfield code="a">Gravitation and Cosmology</subfield>
  </datafield>
  <datafield tag="650" ind1="1" ind2="7">
    <subfield code="2">INSPIRE</subfield>
    <subfield code="a">Theory-HEP</subfield>
  </datafield>
  <datafield tag="650" ind1="1" ind2="7">
    <subfield code="2">INSPIRE</subfield>
    <subfield code="a">Astrophysics</subfield>
  </datafield>
  <datafield tag="695" ind1=" " ind2=" ">
    <subfield code="2">INSPIRE</subfield>
    <subfield code="a">* Automatic Keywords *</subfield>
  </datafield>
  <datafield tag="695" ind1=" " ind2=" ">
    <subfield code="2">INSPIRE</subfield>
    <subfield code="9">bibclassify</subfield>
    <subfield code="a">inflation: model</subfield>
  </datafield>
  <datafield tag="695" ind1=" " ind2=" ">
    <subfield code="2">INSPIRE</subfield>
    <subfield code="9">bibclassify</subfield>
    <subfield code="a">power spectrum: scalar</subfield>
  </datafield>
  <datafield tag="695" ind1=" " ind2=" ">
    <subfield code="2">INSPIRE</subfield>
    <subfield code="9">bibclassify</subfield>
    <subfield code="a">field theory: scalar</subfield>
  </datafield>
  <datafield tag="695" ind1=" " ind2=" ">
    <subfield code="2">INSPIRE</subfield>
    <subfield code="9">bibclassify</subfield>
    <subfield code="a">superfield: chiral</subfield>
  </datafield>
  <datafield tag="695" ind1=" " ind2=" ">
    <subfield code="2">INSPIRE</subfield>
    <subfield code="9">bibclassify</subfield>
    <subfield code="a">supergravity</subfield>
  </datafield>
  <datafield tag="695" ind1=" " ind2=" ">
    <subfield code="2">INSPIRE</subfield>
    <subfield code="9">bibclassify</subfield>
    <subfield code="a">Starobinsky model</subfield>
  </datafield>
  <datafield tag="695" ind1=" " ind2=" ">
    <subfield code="2">INSPIRE</subfield>
    <subfield code="9">bibclassify</subfield>
    <subfield code="a">non-Gaussianity</subfield>
  </datafield>
  <datafield tag="695" ind1=" " ind2=" ">
    <subfield code="2">INSPIRE</subfield>
    <subfield code="9">bibclassify</subfield>
    <subfield code="a">supersymmetry</subfield>
  </datafield>
  <datafield tag="695" ind1=" " ind2=" ">
    <subfield code="2">INSPIRE</subfield>
    <subfield code="9">bibclassify</subfield>
    <subfield code="a">sensitivity</subfield>
  </datafield>
  <datafield tag="695" ind1=" " ind2=" ">
    <subfield code="2">INSPIRE</subfield>
    <subfield code="9">bibclassify</subfield>
    <subfield code="a">chaos</subfield>
  </datafield>
  <datafield tag="700" ind1=" " ind2=" ">
    <subfield code="a">Garcia, Marcos A. G.</subfield>
    <subfield code="u">Minnesota U., Theor. Phys. Inst.</subfield>
  </datafield>
  <datafield tag="700" ind1=" " ind2=" ">
    <subfield code="a">Nanopoulos, Dimitri V.</subfield>
    <subfield code="u">Athens Academy</subfield>
    <subfield code="u">HARC, Woodlands</subfield>
    <subfield code="u">Texas A-M</subfield>
  </datafield>
  <datafield tag="700" ind1=" " ind2=" ">
    <subfield code="a">Olive, Keith A.</subfield>
    <subfield code="u">Minnesota U., Theor. Phys. Inst.</subfield>
  </datafield>
  <datafield tag="856" ind1="4" ind2=" ">
    <subfield code="s">10347</subfield>
    <subfield code="u">http://inspirehep.net/record/1319280/files/n2r.png</subfield>
    <subfield code="y">00003 \it The dependences on the parameter $c$ of the scalar spectral index $n_s$ (upper panel) and the tensor-to-scalar ratio $r$ (lower panel), assuming either $N = 50$ or $60$ e-folds (blue and orange lines, respectively) and ${\cal R}e~T = 0$ initially, i.e., $\theta=0$.</subfield>
  </datafield>
  <datafield tag="856" ind1="4" ind2=" ">
    <subfield code="s">11487</subfield>
    <subfield code="u">http://inspirehep.net/record/1319280/files/thps.png</subfield>
    <subfield code="y">00009 \it The curvature power spectrum normalized to the single-field expression, $\mathcal{P}_{\mathcal{R}}$, for the mode that leaves the horizon at the start of the last $N = 50$ (blue) or $60$ (orange) e-folds of inflation is shown as a function of $\theta$ for $c=100$ (upper panel) and for $c= 0.1$ (lower panel).</subfield>
  </datafield>
  <datafield tag="856" ind1="4" ind2=" ">
    <subfield code="s">11619</subfield>
    <subfield code="u">http://inspirehep.net/record/1319280/files/thr.png</subfield>
    <subfield code="y">00013 \it Dependences of the tensor-to-scalar ratio $r$ on the angle $\theta$ at $N = 50$ (blue lines) and $60$ e-folds (orange lines) for $c=100$ (upper panel) and $c = 0.1$ (lower panel).</subfield>
  </datafield>
  <datafield tag="856" ind1="4" ind2=" ">
    <subfield code="s">11953</subfield>
    <subfield code="u">http://inspirehep.net/record/1319280/files/thr_c01.png</subfield>
    <subfield code="y">00014 \it Dependences of the tensor-to-scalar ratio $r$ on the angle $\theta$ at $N = 50$ (blue lines) and $60$ e-folds (orange lines) for $c=100$ (upper panel) and $c = 0.1$ (lower panel).</subfield>
  </datafield>
  <datafield tag="856" ind1="4" ind2=" ">
    <subfield code="s">12592</subfield>
    <subfield code="u">http://inspirehep.net/record/1319280/files/thns.png</subfield>
    <subfield code="y">00011 \it Dependences of the spectral index $n_s$ on the angle $\theta$ at $N = 50$ (blue lines) and $60$ e-folds (orange lines) for $c=100$ (upper panel) and $c = 0.1$ (lower panel).</subfield>
  </datafield>
  <datafield tag="856" ind1="4" ind2=" ">
    <subfield code="s">12638</subfield>
    <subfield code="u">http://inspirehep.net/record/1319280/files/thns_c01.png</subfield>
    <subfield code="y">00012 \it Dependences of the spectral index $n_s$ on the angle $\theta$ at $N = 50$ (blue lines) and $60$ e-folds (orange lines) for $c=100$ (upper panel) and $c = 0.1$ (lower panel).</subfield>
  </datafield>
  <datafield tag="856" ind1="4" ind2=" ">
    <subfield code="s">12698</subfield>
    <subfield code="u">http://inspirehep.net/record/1319280/files/n2ns.png</subfield>
    <subfield code="y">00002 \it The dependences on the parameter $c$ of the scalar spectral index $n_s$ (upper panel) and the tensor-to-scalar ratio $r$ (lower panel), assuming either $N = 50$ or $60$ e-folds (blue and orange lines, respectively) and ${\cal R}e~T = 0$ initially, i.e., $\theta=0$.</subfield>
  </datafield>
  <datafield tag="856" ind1="4" ind2=" ">
    <subfield code="s">15338</subfield>
    <subfield code="u">http://inspirehep.net/record/1319280/files/n2ps.png</subfield>
    <subfield code="y">00001 \it The curvature power spectrum $\mathcal{P}_{\mathcal{R}}$ for the trajectories shown in Fig.~\protect\ref{n2traj} corresponding to different colour-coded values of $c$. The curves are normalized relative to the single-field expression, and correspond to the mode that leaves the horizon at the start of the last 60 e-folds of inflation.</subfield>
  </datafield>
  <datafield tag="856" ind1="4" ind2=" ">
    <subfield code="s">17869</subfield>
    <subfield code="u">http://inspirehep.net/record/1319280/files/thnsr.png</subfield>
    <subfield code="y">00015 \it Parametric curve $(n_s(\theta),r(\theta))$ for $c=100$ (left panel) and $c = 0.1$ (right panel), both for $N=50$ (blue) and $60$ (orange) e-folds.</subfield>
  </datafield>
  <datafield tag="856" ind1="4" ind2=" ">
    <subfield code="s">18243</subfield>
    <subfield code="u">http://inspirehep.net/record/1319280/files/thps_c01.png</subfield>
    <subfield code="y">00010 \it The curvature power spectrum normalized to the single-field expression, $\mathcal{P}_{\mathcal{R}}$, for the mode that leaves the horizon at the start of the last $N = 50$ (blue) or $60$ (orange) e-folds of inflation is shown as a function of $\theta$ for $c=100$ (upper panel) and for $c= 0.1$ (lower panel).</subfield>
  </datafield>
  <datafield tag="856" ind1="4" ind2=" ">
    <subfield code="s">19792</subfield>
    <subfield code="u">http://inspirehep.net/record/1319280/files/thnsr_c01.png</subfield>
    <subfield code="y">00016 \it Parametric curve $(n_s(\theta),r(\theta))$ for $c=100$ (left panel) and $c = 0.1$ (right panel), both for $N=50$ (blue) and $60$ (orange) e-folds.</subfield>
  </datafield>
  <datafield tag="856" ind1="4" ind2=" ">
    <subfield code="s">23853</subfield>
    <subfield code="u">http://inspirehep.net/record/1319280/files/n2nsr2.png</subfield>
    <subfield code="y">00004 \it Parametric curve $(n_s(c),r(c))$, $c \in (0,1)$ assuming initial conditions with ${\cal R}e~T = 0$, i.e., $\theta=0$, assuming either $N = 50$ or $60$ e-folds (blue and orange lines, respectively).</subfield>
  </datafield>
  <datafield tag="856" ind1="4" ind2=" ">
    <subfield code="s">25456</subfield>
    <subfield code="u">http://inspirehep.net/record/1319280/files/thtraj_c01.png</subfield>
    <subfield code="y">00008 \it Inflationary trajectories for the K\"ahler potential (\ref{ktheta}) at $c=100$ (left panel) and $c = 0.1$ (right panel). In both cases, the initial conditions are chosen so as to yield 70 e-folds of inflation. The pure Starobinsky limit is recovered along the real direction ${\cal I}m~T (\alpha) = 0$.</subfield>
  </datafield>
  <datafield tag="856" ind1="4" ind2=" ">
    <subfield code="s">26302</subfield>
    <subfield code="u">http://inspirehep.net/record/1319280/files/thtraj.png</subfield>
    <subfield code="y">00007 \it Inflationary trajectories for the K\"ahler potential (\ref{ktheta}) at $c=100$ (left panel) and $c = 0.1$ (right panel). In both cases, the initial conditions are chosen so as to yield 70 e-folds of inflation. The pure Starobinsky limit is recovered along the real direction ${\cal I}m~T (\alpha) = 0$.</subfield>
  </datafield>
  <datafield tag="856" ind1="4" ind2=" ">
    <subfield code="s">26381</subfield>
    <subfield code="u">http://inspirehep.net/record/1319280/files/n2traj.png</subfield>
    <subfield code="y">00000 \it Inflationary trajectories for the K\"ahler potential (\ref{ktheta}) at $\theta=0$ for selected colour-coded values of $c$. The initial conditions correspond to $\rho=0$ and $A$ tuned to yield 70 e-folds of inflation.</subfield>
  </datafield>
  <datafield tag="856" ind1="4" ind2=" ">
    <subfield code="s">39133</subfield>
    <subfield code="u">http://inspirehep.net/record/1319280/files/fnl50plane.png</subfield>
    <subfield code="y">00027 \it Values of the non-Gaussianity parameter $f_{\rm NL}$ in the $(\rho,\alpha)$ plane, evaluated for $N =50$ (left) and $60$ (right) e-folds, for $c=100$ (upper panel) and $c = 0.1$ (lower panel).</subfield>
  </datafield>
  <datafield tag="856" ind1="4" ind2=" ">
    <subfield code="s">41583</subfield>
    <subfield code="u">http://inspirehep.net/record/1319280/files/fnl60plane.png</subfield>
    <subfield code="y">00028 \it Values of the non-Gaussianity parameter $f_{\rm NL}$ in the $(\rho,\alpha)$ plane, evaluated for $N =50$ (left) and $60$ (right) e-folds, for $c=100$ (upper panel) and $c = 0.1$ (lower panel).</subfield>
  </datafield>
  <datafield tag="856" ind1="4" ind2=" ">
    <subfield code="s">45975</subfield>
    <subfield code="u">http://inspirehep.net/record/1319280/files/r50plane.png</subfield>
    <subfield code="y">00023 \it Tensor-to-scalar ratio $r$ from the two-field analysis in the $(\rho,\alpha)$ plane, evaluated at $N = 50$ (left panels) and $60$ (right panels) e-folds, with $c = 100$ (upper panels) and $c = 0.1$ (lower panels). The solid curves are the boundaries for the corresponding values of $N$.</subfield>
  </datafield>
  <datafield tag="856" ind1="4" ind2=" ">
    <subfield code="s">48571</subfield>
    <subfield code="u">http://inspirehep.net/record/1319280/files/r60plane.png</subfield>
    <subfield code="y">00024 \it Tensor-to-scalar ratio $r$ from the two-field analysis in the $(\rho,\alpha)$ plane, evaluated at $N = 50$ (left panels) and $60$ (right panels) e-folds, with $c = 100$ (upper panels) and $c = 0.1$ (lower panels). The solid curves are the boundaries for the corresponding values of $N$.</subfield>
  </datafield>
  <datafield tag="856" ind1="4" ind2=" ">
    <subfield code="s">54742</subfield>
    <subfield code="u">http://inspirehep.net/record/1319280/files/r60plane_c01.png</subfield>
    <subfield code="y">00026 \it Tensor-to-scalar ratio $r$ from the two-field analysis in the $(\rho,\alpha)$ plane, evaluated at $N = 50$ (left panels) and $60$ (right panels) e-folds, with $c = 100$ (upper panels) and $c = 0.1$ (lower panels). The solid curves are the boundaries for the corresponding values of $N$.</subfield>
  </datafield>
  <datafield tag="856" ind1="4" ind2=" ">
    <subfield code="s">55536</subfield>
    <subfield code="u">http://inspirehep.net/record/1319280/files/r50plane_c01.png</subfield>
    <subfield code="y">00025 \it Tensor-to-scalar ratio $r$ from the two-field analysis in the $(\rho,\alpha)$ plane, evaluated at $N = 50$ (left panels) and $60$ (right panels) e-folds, with $c = 100$ (upper panels) and $c = 0.1$ (lower panels). The solid curves are the boundaries for the corresponding values of $N$.</subfield>
  </datafield>
  <datafield tag="856" ind1="4" ind2=" ">
    <subfield code="s">58323</subfield>
    <subfield code="u">http://inspirehep.net/record/1319280/files/N60plane_c01.png</subfield>
    <subfield code="y">00018 \it The total number of e-folds $N_{\rm tot}$ as a function of the fields in the $(\rho,\alpha)$ plane, for $c=100$ (left panel) and $c = 0.1$ (right panel). The solid black lines correspond to $N=50$ (lower) and $N=60$ (upper).</subfield>
  </datafield>
  <datafield tag="856" ind1="4" ind2=" ">
    <subfield code="s">64709</subfield>
    <subfield code="u">http://inspirehep.net/record/1319280/files/ns50plane.png</subfield>
    <subfield code="y">00019 \it Scalar spectral index $n_s$ from the two-field analysis in the $(\rho,\alpha)$ plane, evaluated at $N = 50$ (left panels) and $60$ (right panels) e-folds, with $c = 100$ (upper panels) and $c = 0.1$ (lower panels). The solid curves are the boundaries for the corresponding values of $N$.</subfield>
  </datafield>
  <datafield tag="856" ind1="4" ind2=" ">
    <subfield code="s">66163</subfield>
    <subfield code="u">http://inspirehep.net/record/1319280/files/ns60plane.png</subfield>
    <subfield code="y">00020 \it Scalar spectral index $n_s$ from the two-field analysis in the $(\rho,\alpha)$ plane, evaluated at $N = 50$ (left panels) and $60$ (right panels) e-folds, with $c = 100$ (upper panels) and $c = 0.1$ (lower panels). The solid curves are the boundaries for the corresponding values of $N$.</subfield>
  </datafield>
  <datafield tag="856" ind1="4" ind2=" ">
    <subfield code="s">6743</subfield>
    <subfield code="u">http://inspirehep.net/record/1319280/files/n2r_real.png</subfield>
    <subfield code="y">00006 \it The dependences on the parameter $c$ of the scalar spectral index $n_s$ (upper panel) and the tensor-to-scalar ratio $r$ (lower panel), assuming either $N = 50$ or $60$ e-folds (blue and orange lines, respectively) assuming ${\cal I}m~T = 0$ initially, i.e., $\theta=\pi/2$.</subfield>
  </datafield>
  <datafield tag="856" ind1="4" ind2=" ">
    <subfield code="s">8170</subfield>
    <subfield code="u">http://inspirehep.net/record/1319280/files/n2ns_real.png</subfield>
    <subfield code="y">00005 \it The dependences on the parameter $c$ of the scalar spectral index $n_s$ (upper panel) and the tensor-to-scalar ratio $r$ (lower panel), assuming either $N = 50$ or $60$ e-folds (blue and orange lines, respectively) assuming ${\cal I}m~T = 0$ initially, i.e., $\theta=\pi/2$.</subfield>
  </datafield>
  <datafield tag="856" ind1="4" ind2=" ">
    <subfield code="s">82217</subfield>
    <subfield code="u">http://inspirehep.net/record/1319280/files/fnl60plane_c01.png</subfield>
    <subfield code="y">00030 \it Values of the non-Gaussianity parameter $f_{\rm NL}$ in the $(\rho,\alpha)$ plane, evaluated for $N =50$ (left) and $60$ (right) e-folds, for $c=100$ (upper panel) and $c = 0.1$ (lower panel).</subfield>
  </datafield>
  <datafield tag="856" ind1="4" ind2=" ">
    <subfield code="s">86135</subfield>
    <subfield code="u">http://inspirehep.net/record/1319280/files/ns50plane_c01_1.png</subfield>
    <subfield code="y">00021 \it Scalar spectral index $n_s$ from the two-field analysis in the $(\rho,\alpha)$ plane, evaluated at $N = 50$ (left panels) and $60$ (right panels) e-folds, with $c = 100$ (upper panels) and $c = 0.1$ (lower panels). The solid curves are the boundaries for the corresponding values of $N$.</subfield>
  </datafield>
  <datafield tag="856" ind1="4" ind2=" ">
    <subfield code="s">90342</subfield>
    <subfield code="u">http://inspirehep.net/record/1319280/files/ns60plane_c01_1.png</subfield>
    <subfield code="y">00022 \it Scalar spectral index $n_s$ from the two-field analysis in the $(\rho,\alpha)$ plane, evaluated at $N = 50$ (left panels) and $60$ (right panels) e-folds, with $c = 100$ (upper panels) and $c = 0.1$ (lower panels). The solid curves are the boundaries for the corresponding values of $N$.</subfield>
  </datafield>
  <datafield tag="856" ind1="4" ind2=" ">
    <subfield code="s">91489</subfield>
    <subfield code="u">http://inspirehep.net/record/1319280/files/N60plane.png</subfield>
    <subfield code="y">00017 \it The total number of e-folds $N_{\rm tot}$ as a function of the fields in the $(\rho,\alpha)$ plane, for $c=100$ (left panel) and $c = 0.1$ (right panel). The solid black lines correspond to $N=50$ (lower) and $N=60$ (upper).</subfield>
  </datafield>
  <datafield tag="856" ind1="4" ind2=" ">
    <subfield code="s">94243</subfield>
    <subfield code="u">http://inspirehep.net/record/1319280/files/fnl50plane_c01.png</subfield>
    <subfield code="y">00029 \it Values of the non-Gaussianity parameter $f_{\rm NL}$ in the $(\rho,\alpha)$ plane, evaluated for $N =50$ (left) and $60$ (right) e-folds, for $c=100$ (upper panel) and $c = 0.1$ (lower panel).</subfield>
  </datafield>
  <datafield tag="856" ind1="4" ind2=" ">
    <subfield code="s">2482741</subfield>
    <subfield code="u">http://inspirehep.net/record/1319280/files/arXiv:1409.8197.pdf</subfield>
  </datafield>
  <datafield tag="856" ind1="4" ind2=" ">
    <subfield code="s">2618689</subfield>
    <subfield code="u">http://inspirehep.net/record/1319280/files/scoap3-fulltext.pdf</subfield>
    <subfield code="y">Article from SCOAP3</subfield>
  </datafield>
  <datafield tag="909" ind1="C" ind2="O">
    <subfield code="o">oai:inspirehep.net:1319280</subfield>
    <subfield code="p">CERN</subfield>
    <subfield code="p">INSPIRE:HEP</subfield>
    <subfield code="p">CERN:arXiv</subfield>
  </datafield>
  <datafield tag="980" ind1=" " ind2=" ">
    <subfield code="a">CORE</subfield>
  </datafield>
  <datafield tag="980" ind1=" " ind2=" ">
    <subfield code="a">arXiv</subfield>
  </datafield>
  <datafield tag="980" ind1=" " ind2=" ">
    <subfield code="a">Citeable</subfield>
  </datafield>
  <datafield tag="980" ind1=" " ind2=" ">
    <subfield code="a">HEP</subfield>
  </datafield>
  <datafield tag="980" ind1=" " ind2=" ">
    <subfield code="a">Published</subfield>
  </datafield>
  <datafield tag="999" ind1="C" ind2="6">
    <subfield code="a">0-1-1-1-0-0-1</subfield>
    <subfield code="t">2014-09-30 08:54:06</subfield>
    <subfield code="v">Invenio/1.1.2.1260-aa76f refextract/1.5.44</subfield>
    <subfield code="v">content.pdf;1</subfield>
  </datafield>
  <datafield tag="999" ind1="C" ind2="5">
    <subfield code="0">1224747</subfield>
    <subfield code="h">P. A. R. Ade et al.</subfield>
    <subfield code="m">[Planck Collaboration]</subfield>
    <subfield code="o">1</subfield>
    <subfield code="r">arXiv:1303.5082 [astro-ph.CO]</subfield>
  </datafield>
  <datafield tag="999" ind1="C" ind2="5">
    <subfield code="0">1286113</subfield>
    <subfield code="h">P. A. R. Ade et al.</subfield>
    <subfield code="m">[BICEP2 Collaboration]</subfield>
    <subfield code="o">2</subfield>
    <subfield code="r">arXiv:1403.3985 [astro-ph.CO]</subfield>
    <subfield code="s">Phys.Rev.Lett.,112,241101</subfield>
    <subfield code="y">2014</subfield>
  </datafield>
  <datafield tag="999" ind1="C" ind2="5">
    <subfield code="0">1208272</subfield>
    <subfield code="h">G. Hinshaw et al.</subfield>
    <subfield code="m">[WMAP Collaboration]</subfield>
    <subfield code="o">3</subfield>
    <subfield code="r">arXiv:1212.5226 [astro-ph.CO]</subfield>
    <subfield code="s">Astrophys.J.Suppl.,208,19</subfield>
    <subfield code="y">2013</subfield>
  </datafield>
  <datafield tag="999" ind1="C" ind2="5">
    <subfield code="0">1291532</subfield>
    <subfield code="h">E. Komatsu et al.</subfield>
    <subfield code="m">for a recent review, see [on behalf of the WMAP Science Team Collaboration]</subfield>
    <subfield code="o">3</subfield>
    <subfield code="r">arXiv:1404.5415 [astro-ph.CO]</subfield>
  </datafield>
  <datafield tag="999" ind1="C" ind2="5">
    <subfield code="0">1288858</subfield>
    <subfield code="h">H. Liu, P. Mertsch and S. Sarkar</subfield>
    <subfield code="o">4</subfield>
    <subfield code="r">arXiv:1404.1899 [astroph.CO]</subfield>
    <subfield code="s">Astrophys.J.,789,L29</subfield>
    <subfield code="y">2014</subfield>
  </datafield>
  <datafield tag="999" ind1="C" ind2="5">
    <subfield code="0">1297479</subfield>
    <subfield code="h">M. J. Mortonson and U. Seljak</subfield>
    <subfield code="o">4</subfield>
    <subfield code="r">arXiv:1405.5857 [astro-ph.CO]</subfield>
  </datafield>
  <datafield tag="999" ind1="C" ind2="5">
    <subfield code="0">1298378</subfield>
    <subfield code="h">R. Flauger, J. C. Hill and D. N. Spergel</subfield>
    <subfield code="o">4</subfield>
    <subfield code="r">arXiv:1405.7351 [astro-ph.CO]</subfield>
    <subfield code="s">JCAP,1408,039</subfield>
    <subfield code="y">2014</subfield>
  </datafield>
  <datafield tag="999" ind1="C" ind2="5">
    <subfield code="0">1318629</subfield>
    <subfield code="h">M. Corts, A. R. Liddle and D. Parkinson</subfield>
    <subfield code="o">4</subfield>
    <subfield code="r">arXiv:1409.6530 [astro-ph.CO]</subfield>
  </datafield>
  <datafield tag="999" ind1="C" ind2="5">
    <subfield code="0">1286297</subfield>
    <subfield code="h">C. R. Contaldi, M. Peloso and L. Sorbo</subfield>
    <subfield code="o">5</subfield>
    <subfield code="r">arXiv:1403.4596 [astro-ph.CO]</subfield>
    <subfield code="s">JCAP,1407,014</subfield>
    <subfield code="y">2014</subfield>
  </datafield>
  <datafield tag="999" ind1="C" ind2="5">
    <subfield code="0">1286606</subfield>
    <subfield code="h">V. Miranda, W. Hu and P. Adshead</subfield>
    <subfield code="o">5</subfield>
    <subfield code="r">arXiv:1403.5231 [astro-ph.CO]</subfield>
  </datafield>
  <datafield tag="999" ind1="C" ind2="5">
    <subfield code="0">1288050</subfield>
    <subfield code="h">K. M. Smith, C. Dvorkin, L. Boyle, N. Turok, M. Halpern, G. Hinshaw and B. Gold</subfield>
    <subfield code="o">5</subfield>
    <subfield code="r">arXiv:1404.0373 [astro-ph.CO]</subfield>
    <subfield code="s">Phys.Rev.Lett.,113,031301</subfield>
    <subfield code="y">2014</subfield>
  </datafield>
  <datafield tag="999" ind1="C" ind2="5">
    <subfield code="0">1318318</subfield>
    <subfield code="h">R. Adam et al.</subfield>
    <subfield code="m">[Planck Collaboration]</subfield>
    <subfield code="o">6</subfield>
    <subfield code="r">arXiv:1409.5738 [astro-ph.CO]</subfield>
  </datafield>
  <datafield tag="999" ind1="C" ind2="5">
    <subfield code="0">1318813</subfield>
    <subfield code="h">C. Cheng, Q. G. Huang and S. Wang</subfield>
    <subfield code="o">7</subfield>
    <subfield code="r">arXiv:1409.7025 [astro-ph.CO]</subfield>
  </datafield>
  <datafield tag="999" ind1="C" ind2="5">
    <subfield code="0">157549</subfield>
    <subfield code="h">A. A. Starobinsky</subfield>
    <subfield code="o">8</subfield>
    <subfield code="s">Phys.Lett.,B91,99</subfield>
    <subfield code="y">1980</subfield>
  </datafield>
  <datafield tag="999" ind1="C" ind2="5">
    <subfield code="0">170051</subfield>
    <subfield code="h">V. F. Mukhanov and G. V. Chibisov</subfield>
    <subfield code="o">9</subfield>
    <subfield code="s">JETP Lett.,33,532</subfield>
    <subfield code="s">Pisma Zh.Eksp.Teor.Fiz.,33,549</subfield>
    <subfield code="y">1981</subfield>
  </datafield>
  <datafield tag="999" ind1="C" ind2="5">
    <subfield code="0">199078</subfield>
    <subfield code="h">A. A. Starobinsky</subfield>
    <subfield code="o">10</subfield>
    <subfield code="s">Sov.Astron.Lett.,9,302</subfield>
    <subfield code="y">1983</subfield>
  </datafield>
  <datafield tag="999" ind1="C" ind2="5">
    <subfield code="0">817621</subfield>
    <subfield code="h">F. Bezrukov and M. Shaposhnikov</subfield>
    <subfield code="o">11</subfield>
    <subfield code="r">arXiv:0904.1537 [hep-ph]</subfield>
    <subfield code="s">JHEP,0907,089</subfield>
    <subfield code="y">2009</subfield>
  </datafield>
  <datafield tag="999" ind1="C" ind2="5">
    <subfield code="0">1232059</subfield>
    <subfield code="h">J. Ellis, D. V. Nanopoulos and K. A. Olive</subfield>
    <subfield code="o">12</subfield>
    <subfield code="r">arXiv:1305.1247 [hep-th]</subfield>
    <subfield code="s">Phys.Rev.Lett.,111,111301</subfield>
    <subfield code="y">2013</subfield>
  </datafield>
  <datafield tag="999" ind1="C" ind2="5">
    <subfield code="0">1242423</subfield>
    <subfield code="h">J. Ellis, D. V. Nanopoulos and K. A. Olive</subfield>
    <subfield code="o">13</subfield>
    <subfield code="r">arXiv:1307.3537 [hep-th]</subfield>
    <subfield code="s">JCAP,1310,009</subfield>
    <subfield code="y">2013</subfield>
  </datafield>
  <datafield tag="999" ind1="C" ind2="5">
    <subfield code="0">1238403</subfield>
    <subfield code="h">R. Kallosh and A. Linde</subfield>
    <subfield code="o">14</subfield>
    <subfield code="r">arXiv:1306.3214 [hep-th]</subfield>
    <subfield code="s">JCAP,1306,028</subfield>
    <subfield code="y">2013</subfield>
  </datafield>
  <datafield tag="999" ind1="C" ind2="5">
    <subfield code="0">1238587</subfield>
    <subfield code="h">W. Buchmuller, V. Domcke and K. Kamada</subfield>
    <subfield code="o">15</subfield>
    <subfield code="r">arXiv:1306.3471 [hep-th]</subfield>
    <subfield code="s">Phys.Lett.,B726,467</subfield>
    <subfield code="y">2013</subfield>
  </datafield>
  <datafield tag="999" ind1="C" ind2="5">
    <subfield code="0">1241554</subfield>
    <subfield code="h">F. Farakos, A. Kehagias and A. Riotto</subfield>
    <subfield code="o">16</subfield>
    <subfield code="r">arXiv:1307.1137</subfield>
    <subfield code="s">Nucl.Phys.,B876,187</subfield>
    <subfield code="y">2013</subfield>
  </datafield>
  <datafield tag="999" ind1="C" ind2="5">
    <subfield code="0">1261013</subfield>
    <subfield code="h">J. Ellis, D. V. Nanopoulos and K. A. Olive</subfield>
    <subfield code="o">17</subfield>
    <subfield code="r">arXiv:1310.4770 [hep-ph]</subfield>
    <subfield code="s">Phys.Rev.,D89,043502</subfield>
    <subfield code="y">2014</subfield>
  </datafield>
  <datafield tag="999" ind1="C" ind2="5">
    <subfield code="0">1245001</subfield>
    <subfield code="h">S. Ferrara, R. Kallosh, A. Linde and M. Porrati</subfield>
    <subfield code="o">18</subfield>
    <subfield code="r">arXiv:1307.7696 [hep-th]</subfield>
    <subfield code="s">Phys.Rev.,D88,085038</subfield>
    <subfield code="y">2013</subfield>
  </datafield>
  <datafield tag="999" ind1="C" ind2="5">
    <subfield code="0">1252690</subfield>
    <subfield code="h">S. Ferrara, R. Kallosh, A. Linde and M. Porrati</subfield>
    <subfield code="o">18</subfield>
    <subfield code="r">arXiv:1309.1085 [hep-th]</subfield>
    <subfield code="r">arXiv:1309.1085</subfield>
    <subfield code="s">JCAP,1311,046</subfield>
    <subfield code="y">2013</subfield>
  </datafield>
  <datafield tag="999" ind1="C" ind2="5">
    <subfield code="0">1254262</subfield>
    <subfield code="h">S. Ferrara, R. Kallosh and A. Van Proeyen</subfield>
    <subfield code="o">18</subfield>
    <subfield code="r">arXiv:1309.4052 [hep-th]</subfield>
    <subfield code="s">JHEP,1311,134</subfield>
    <subfield code="y">2013</subfield>
  </datafield>
  <datafield tag="999" ind1="C" ind2="5">
    <subfield code="0">1285474</subfield>
    <subfield code="h">S. Cecotti and R. Kallosh</subfield>
    <subfield code="o">18</subfield>
    <subfield code="r">arXiv:1403.2932 [hep-th]</subfield>
    <subfield code="s">JHEP,1405,114</subfield>
    <subfield code="y">2014</subfield>
  </datafield>
  <datafield tag="999" ind1="C" ind2="5">
    <subfield code="0">1272661</subfield>
    <subfield code="h">J. Alexandre, N. Houston and N. E. Mavromatos</subfield>
    <subfield code="o">19</subfield>
    <subfield code="r">arXiv:1312.5197 [gr-qc]</subfield>
    <subfield code="s">Phys.Rev.,D89,027703</subfield>
    <subfield code="y">2014</subfield>
  </datafield>
  <datafield tag="999" ind1="C" ind2="5">
    <subfield code="0">1282010</subfield>
    <subfield code="h">J. Ellis, N. E. Mavromatos and D. V. Nanopoulos</subfield>
    <subfield code="o">19</subfield>
    <subfield code="r">arXiv:1402.5075 [hep-th]</subfield>
    <subfield code="s">Phys.Lett.,B732,380</subfield>
    <subfield code="y">2014</subfield>
  </datafield>
  <datafield tag="999" ind1="C" ind2="5">
    <subfield code="0">1268954</subfield>
    <subfield code="h">C. Pallis</subfield>
    <subfield code="o">20</subfield>
    <subfield code="r">arXiv:1312.3623 [hep-ph]</subfield>
    <subfield code="s">JCAP,1404,024</subfield>
    <subfield code="y">2014</subfield>
  </datafield>
  <datafield tag="999" ind1="C" ind2="5">
    <subfield code="0">1285714</subfield>
    <subfield code="h">I. Antoniadis, E. Dudas, S. Ferrara and A. Sagnotti</subfield>
    <subfield code="o">21</subfield>
    <subfield code="r">arXiv:1403.3269 [hep-th]</subfield>
    <subfield code="s">Phys.Lett.,B733,32</subfield>
    <subfield code="y">2014</subfield>
  </datafield>
  <datafield tag="999" ind1="C" ind2="5">
    <subfield code="0">1298238</subfield>
    <subfield code="h">K. Kamada and J. Yokoyama</subfield>
    <subfield code="o">22</subfield>
    <subfield code="r">arXiv:1405.6732 [hep-th]</subfield>
  </datafield>
  <datafield tag="999" ind1="C" ind2="5">
    <subfield code="0">1318960</subfield>
    <subfield code="h">C. Kounnas, D. Lst and N. Toumbas</subfield>
    <subfield code="o">23</subfield>
    <subfield code="r">arXiv:1409.7076 [hep-th]</subfield>
  </datafield>
  <datafield tag="999" ind1="C" ind2="5">
    <subfield code="0">1278567</subfield>
    <subfield code="h">J. Ellis, N. E. Mavromatos and D. J. Mulryne</subfield>
    <subfield code="o">24</subfield>
    <subfield code="r">arXiv:1401.6078 [astro-ph.CO]</subfield>
    <subfield code="s">JCAP,1405,012</subfield>
    <subfield code="y">2014</subfield>
  </datafield>
  <datafield tag="999" ind1="C" ind2="5">
    <subfield code="0">1297913</subfield>
    <subfield code="h">K. Turzy´nsky</subfield>
    <subfield code="o">25</subfield>
    <subfield code="r">arXiv:1405.6195 [astro-ph.CO]</subfield>
  </datafield>
  <datafield tag="999" ind1="C" ind2="5">
    <subfield code="0">1293792</subfield>
    <subfield code="h">J. Ellis, M. A. G. Garcia, D. V. Nanopoulos and K. A. Olive</subfield>
    <subfield code="o">26</subfield>
    <subfield code="r">arXiv:1405.0271 [hep-ph]</subfield>
    <subfield code="s">JCAP,1408,044</subfield>
    <subfield code="y">2014</subfield>
  </datafield>
  <datafield tag="999" ind1="C" ind2="5">
    <subfield code="0">599767</subfield>
    <subfield code="h">S. Tsujikawa, D. Parkinson and B. A. Bassett</subfield>
    <subfield code="o">27</subfield>
    <subfield code="r">astro-ph/0210322</subfield>
    <subfield code="s">Phys.Rev.,D67,083516</subfield>
    <subfield code="y">2003</subfield>
  </datafield>
  <datafield tag="999" ind1="C" ind2="5">
    <subfield code="0">747892</subfield>
    <subfield code="h">Z. Lalak, D. Langlois, S. Pokorski and K. Turzynski</subfield>
    <subfield code="o">28</subfield>
    <subfield code="r">arXiv:0704.0212 [hep-th]</subfield>
    <subfield code="s">JCAP,0707,014</subfield>
    <subfield code="y">2007</subfield>
  </datafield>
  <datafield tag="999" ind1="C" ind2="5">
    <subfield code="0">1293682</subfield>
    <subfield code="m">C. van de Bruck and M. Robinson</subfield>
    <subfield code="o">29</subfield>
    <subfield code="r">arXiv:1404.7806 [astro-ph.CO]</subfield>
  </datafield>
  <datafield tag="999" ind1="C" ind2="5">
    <subfield code="0">179096</subfield>
    <subfield code="h">J. R. Ellis, D. V. Nanopoulos, K. A. Olive and K. Tamvakis</subfield>
    <subfield code="o">30</subfield>
    <subfield code="s">Phys.Lett.,B118,335</subfield>
    <subfield code="y">1982</subfield>
  </datafield>
  <datafield tag="999" ind1="C" ind2="5">
    <subfield code="0">180288</subfield>
    <subfield code="m">;</subfield>
    <subfield code="o">30</subfield>
    <subfield code="s">Phys.Lett.,B120,331</subfield>
    <subfield code="y">1983</subfield>
  </datafield>
  <datafield tag="999" ind1="C" ind2="5">
    <subfield code="o">30</subfield>
    <subfield code="s">Nucl.Phys.,B221,52</subfield>
    <subfield code="y">1983</subfield>
  </datafield>
  <datafield tag="999" ind1="C" ind2="5">
    <subfield code="0">182338</subfield>
    <subfield code="h">D. V. Nanopoulos, K. A. Olive, M. Srednicki and K. Tamvakis</subfield>
    <subfield code="o">31</subfield>
    <subfield code="s">Phys.Lett.,B123,41</subfield>
    <subfield code="y">1983</subfield>
  </datafield>
  <datafield tag="999" ind1="C" ind2="5">
    <subfield code="0">14413</subfield>
    <subfield code="h">R. Holman, P. Ramond and G. G. Ross</subfield>
    <subfield code="o">32</subfield>
    <subfield code="s">Phys.Lett.,B137,343</subfield>
    <subfield code="y">1984</subfield>
  </datafield>
  <datafield tag="999" ind1="C" ind2="5">
    <subfield code="0">196730</subfield>
    <subfield code="h">A. B. Goncharov and A. D. Linde</subfield>
    <subfield code="o">33</subfield>
    <subfield code="s">Phys.Lett.,B139,27</subfield>
    <subfield code="y">1984</subfield>
  </datafield>
  <datafield tag="999" ind1="C" ind2="5">
    <subfield code="0">108334</subfield>
    <subfield code="h">D. Z. Freedman, P. van Nieuwenhuizen and S. Ferrara</subfield>
    <subfield code="o">34</subfield>
    <subfield code="s">Phys.Rev.,D13,3214</subfield>
    <subfield code="y">1976</subfield>
  </datafield>
  <datafield tag="999" ind1="C" ind2="5">
    <subfield code="0">108644</subfield>
    <subfield code="h">S. Deser and B. Zumino</subfield>
    <subfield code="o">34</subfield>
    <subfield code="s">Phys.Lett.,B62,335</subfield>
    <subfield code="y">1976</subfield>
  </datafield>
  <datafield tag="999" ind1="C" ind2="5">
    <subfield code="0">204652</subfield>
    <subfield code="h">A. D. Linde</subfield>
    <subfield code="o">35</subfield>
    <subfield code="s">Nucl.Phys.,B252,153</subfield>
    <subfield code="y">1985</subfield>
  </datafield>
  <datafield tag="999" ind1="C" ind2="5">
    <subfield code="0">266178</subfield>
    <subfield code="h">M. S. Madsen and P. Coles</subfield>
    <subfield code="o">35</subfield>
    <subfield code="s">Nucl.Phys.,B298,701</subfield>
    <subfield code="y">1988</subfield>
  </datafield>
  <datafield tag="999" ind1="C" ind2="5">
    <subfield code="0">371298</subfield>
    <subfield code="h">E. J. Copeland, A. R. Liddle, D. H. Lyth, E. D. Stewart and D. Wands</subfield>
    <subfield code="o">36</subfield>
    <subfield code="r">astro-ph/9401011</subfield>
    <subfield code="s">Phys.Rev.,D49,6410</subfield>
    <subfield code="y">1994</subfield>
  </datafield>
  <datafield tag="999" ind1="C" ind2="5">
    <subfield code="0">373658</subfield>
    <subfield code="h">E. D. Stewart</subfield>
    <subfield code="o">36</subfield>
    <subfield code="r">hep-ph/9405389</subfield>
    <subfield code="s">Phys.Rev.,D51,6847</subfield>
    <subfield code="y">1995</subfield>
  </datafield>
  <datafield tag="999" ind1="C" ind2="5">
    <subfield code="0">526649</subfield>
    <subfield code="h">M. Kawasaki, M. Yamaguchi and T. Yanagida</subfield>
    <subfield code="m">[arXiv:</subfield>
    <subfield code="o">37</subfield>
    <subfield code="r">hep-ph/0004243</subfield>
    <subfield code="s">Phys.Rev.Lett.,85,3572</subfield>
    <subfield code="y">2000</subfield>
  </datafield>
  <datafield tag="999" ind1="C" ind2="5">
    <subfield code="0">529728</subfield>
    <subfield code="h">M. Yamaguchi and J. Yokoyama</subfield>
    <subfield code="m">[arXiv:</subfield>
    <subfield code="o">38</subfield>
    <subfield code="r">hep-ph/0007021</subfield>
    <subfield code="s">Phys.Rev.,D63,043506</subfield>
    <subfield code="y">2001</subfield>
  </datafield>
  <datafield tag="999" ind1="C" ind2="5">
    <subfield code="0">553766</subfield>
    <subfield code="h">M. Yamaguchi</subfield>
    <subfield code="m">[arXiv:</subfield>
    <subfield code="o">38</subfield>
    <subfield code="r">hep-ph/0103045</subfield>
    <subfield code="s">Phys.Rev.,D64,063502</subfield>
    <subfield code="y">2001</subfield>
  </datafield>
  <datafield tag="999" ind1="C" ind2="5">
    <subfield code="0">567863</subfield>
    <subfield code="h">M. Kawasaki and M. Yamaguchi</subfield>
    <subfield code="m">[arXiv:</subfield>
    <subfield code="o">38</subfield>
    <subfield code="r">hep-ph/0112093</subfield>
    <subfield code="s">Phys.Rev.,D65,103518</subfield>
    <subfield code="y">2002</subfield>
  </datafield>
  <datafield tag="999" ind1="C" ind2="5">
    <subfield code="0">624557</subfield>
    <subfield code="h">M. Yamaguchi and J. Yokoyama</subfield>
    <subfield code="m">[arXiv:</subfield>
    <subfield code="o">38</subfield>
    <subfield code="r">hep-ph/0307373</subfield>
    <subfield code="s">Phys.Rev.,D68,123520</subfield>
    <subfield code="y">2003</subfield>
  </datafield>
  <datafield tag="999" ind1="C" ind2="5">
    <subfield code="0">681009</subfield>
    <subfield code="h">P. Brax and J. Martin</subfield>
    <subfield code="m">[arXiv:</subfield>
    <subfield code="o">38</subfield>
    <subfield code="r">hep-th/0504168</subfield>
    <subfield code="s">Phys.Rev.,D72,023518</subfield>
    <subfield code="y">2005</subfield>
  </datafield>
  <datafield tag="999" ind1="C" ind2="5">
    <subfield code="0">753490</subfield>
    <subfield code="h">K. Kadota and M. Yamaguchi</subfield>
    <subfield code="o">38</subfield>
    <subfield code="r">arXiv:0706.2676 [hep-ph]</subfield>
    <subfield code="s">Phys.Rev.,D76,103522</subfield>
    <subfield code="y">2007</subfield>
  </datafield>
  <datafield tag="999" ind1="C" ind2="5">
    <subfield code="0">858437</subfield>
    <subfield code="h">F. Takahashi</subfield>
    <subfield code="o">38</subfield>
    <subfield code="r">arXiv:1006.2801 [hep-ph]</subfield>
    <subfield code="s">Phys.Lett.,B693,140</subfield>
    <subfield code="y">2010</subfield>
  </datafield>
  <datafield tag="999" ind1="C" ind2="5">
    <subfield code="0">865636</subfield>
    <subfield code="h">K. Nakayama and F. Takahashi</subfield>
    <subfield code="o">38</subfield>
    <subfield code="r">arXiv:1008.2956 [hep-ph]</subfield>
    <subfield code="s">JCAP,1011,009</subfield>
    <subfield code="y">2010</subfield>
  </datafield>
  <datafield tag="999" ind1="C" ind2="5">
    <subfield code="0">1225857</subfield>
    <subfield code="h">K. Nakayama, F. Takahashi and T. T. Yanagida</subfield>
    <subfield code="o">38</subfield>
    <subfield code="r">arXiv:1303.7315 [hep-ph]</subfield>
    <subfield code="s">Phys.Lett.,B725,111</subfield>
    <subfield code="y">2013</subfield>
  </datafield>
  <datafield tag="999" ind1="C" ind2="5">
    <subfield code="0">1234993</subfield>
    <subfield code="h">K. Nakayama, F. Takahashi and T. T. Yanagida</subfield>
    <subfield code="o">38</subfield>
    <subfield code="r">arXiv:1305.5099</subfield>
    <subfield code="r">arXiv:1305.5099 [hep-ph]</subfield>
    <subfield code="s">JCAP,1308,038</subfield>
    <subfield code="y">2013</subfield>
  </datafield>
  <datafield tag="999" ind1="C" ind2="5">
    <subfield code="0">1286290</subfield>
    <subfield code="h">K. Harigaya, M. Ibe, K. Schmitz and T. T. Yanagida</subfield>
    <subfield code="o">38</subfield>
    <subfield code="r">arXiv:1403.4536 [hep-ph]</subfield>
    <subfield code="s">Phys.Lett.,B733,283</subfield>
    <subfield code="y">2014</subfield>
  </datafield>
  <datafield tag="999" ind1="C" ind2="5">
    <subfield code="0">1286418</subfield>
    <subfield code="h">K. Harigaya and T. T. Yanagida</subfield>
    <subfield code="o">38</subfield>
    <subfield code="r">arXiv:1403.4729 [hep-ph]</subfield>
  </datafield>
  <datafield tag="999" ind1="C" ind2="5">
    <subfield code="0">1286859</subfield>
    <subfield code="h">K. Harigaya, M. Ibe, K. Ichikawa, K. Kaneta and S. Matsumoto</subfield>
    <subfield code="o">38</subfield>
    <subfield code="r">arXiv:1403.5880 [hep-ph]</subfield>
  </datafield>
  <datafield tag="999" ind1="C" ind2="5">
    <subfield code="0">1305061</subfield>
    <subfield code="h">K. Harigaya and T. T. Yanagida</subfield>
    <subfield code="o">38</subfield>
    <subfield code="r">arXiv:1407.1580 [hep-ph]</subfield>
  </datafield>
  <datafield tag="999" ind1="C" ind2="5">
    <subfield code="0">1308472</subfield>
    <subfield code="h">K. Nakayama, F. Takahashi and T. T. Yanagida</subfield>
    <subfield code="o">38</subfield>
    <subfield code="r">arXiv:1407.7082 [hep-ph]</subfield>
    <subfield code="s">Phys.Lett.,B737,151</subfield>
    <subfield code="y">2014</subfield>
  </datafield>
  <datafield tag="999" ind1="C" ind2="5">
    <subfield code="0">340964</subfield>
    <subfield code="h">H. Murayama, H. Suzuki, T. Yanagida</subfield>
    <subfield code="m">and J.-i. Yokoyama</subfield>
    <subfield code="o">39</subfield>
    <subfield code="s">Phys.Rev.Lett.,70,1912</subfield>
    <subfield code="y">1993</subfield>
  </datafield>
  <datafield tag="999" ind1="C" ind2="5">
    <subfield code="0">36522</subfield>
    <subfield code="m">and</subfield>
    <subfield code="o">39</subfield>
    <subfield code="r">hep-ph/9311326</subfield>
    <subfield code="s">Phys.Rev.,D50,2356</subfield>
    <subfield code="y">1994</subfield>
  </datafield>
  <datafield tag="999" ind1="C" ind2="5">
    <subfield code="0">616054</subfield>
    <subfield code="h">J. R. Ellis, M. Raidal and T. Yanagida</subfield>
    <subfield code="o">39</subfield>
    <subfield code="r">hep-ph/0303242</subfield>
    <subfield code="s">Phys.Lett.,B581,9</subfield>
    <subfield code="y">2004</subfield>
  </datafield>
  <datafield tag="999" ind1="C" ind2="5">
    <subfield code="0">1264757</subfield>
    <subfield code="h">K. Nakayama, F. Takahashi and T. T. Yanagida</subfield>
    <subfield code="o">39</subfield>
    <subfield code="r">arXiv:1311.4253 [hep-ph]</subfield>
    <subfield code="s">Phys.Lett.,B730,24</subfield>
    <subfield code="y">2014</subfield>
  </datafield>
  <datafield tag="999" ind1="C" ind2="5">
    <subfield code="0">778465</subfield>
    <subfield code="h">S. C. Davis and M. Postma</subfield>
    <subfield code="o">40</subfield>
    <subfield code="r">arXiv:0801.4696 [hep-ph]</subfield>
    <subfield code="s">JCAP,0803,015</subfield>
    <subfield code="y">2008</subfield>
  </datafield>
  <datafield tag="999" ind1="C" ind2="5">
    <subfield code="0">865681</subfield>
    <subfield code="h">R. Kallosh and A. Linde</subfield>
    <subfield code="o">40</subfield>
    <subfield code="r">arXiv:1008.3375 [hep-th]</subfield>
    <subfield code="s">JCAP,1011,011</subfield>
    <subfield code="y">2010</subfield>
  </datafield>
  <datafield tag="999" ind1="C" ind2="5">
    <subfield code="0">878823</subfield>
    <subfield code="h">R. Kallosh, A. Linde and T. Rube</subfield>
    <subfield code="o">40</subfield>
    <subfield code="r">arXiv:1011.5945 [hep-th]</subfield>
    <subfield code="s">Phys.Rev.,D83,043507</subfield>
    <subfield code="y">2011</subfield>
  </datafield>
  <datafield tag="999" ind1="C" ind2="5">
    <subfield code="0">916192</subfield>
    <subfield code="h">R. Kallosh, A. Linde, K. A. Olive and T. Rube</subfield>
    <subfield code="o">40</subfield>
    <subfield code="r">arXiv:1106.6025 [hep-th]</subfield>
    <subfield code="s">Phys.Rev.,D84,083519</subfield>
    <subfield code="y">2011</subfield>
  </datafield>
  <datafield tag="999" ind1="C" ind2="5">
    <subfield code="0">1239967</subfield>
    <subfield code="h">M. A. G. Garcia and K. A. Olive</subfield>
    <subfield code="o">40</subfield>
    <subfield code="r">arXiv:1306.6119 [hep-ph]</subfield>
    <subfield code="s">JCAP,1309,007</subfield>
    <subfield code="y">2013</subfield>
  </datafield>
  <datafield tag="999" ind1="C" ind2="5">
    <subfield code="0">1293774</subfield>
    <subfield code="h">T. Li, Z. Li and D. V. Nanopoulos</subfield>
    <subfield code="o">40</subfield>
    <subfield code="r">arXiv:1405.0197 [hepth]</subfield>
  </datafield>
  <datafield tag="999" ind1="C" ind2="5">
    <subfield code="0">1289231</subfield>
    <subfield code="h">W. Buchmuller, C. Wieck and M. W. Winkler</subfield>
    <subfield code="o">40</subfield>
    <subfield code="r">arXiv:1404.2275 [hep-th]</subfield>
  </datafield>
  <datafield tag="999" ind1="C" ind2="5">
    <subfield code="0">1304305</subfield>
    <subfield code="h">W. Buchmuller, E. Dudas, L. Heurtier and C. Wieck</subfield>
    <subfield code="o">40</subfield>
    <subfield code="r">arXiv:1407.0253 [hep-th]</subfield>
  </datafield>
  <datafield tag="999" ind1="C" ind2="5">
    <subfield code="0">192918</subfield>
    <subfield code="h">E. Cremmer, S. Ferrara, C. Kounnas and D. V. Nanopoulos</subfield>
    <subfield code="o">41</subfield>
    <subfield code="s">Phys.Lett.,B133,61</subfield>
    <subfield code="y">1983</subfield>
  </datafield>
  <datafield tag="999" ind1="C" ind2="5">
    <subfield code="0">193930</subfield>
    <subfield code="h">J. R. Ellis, A. B. Lahanas, D. V. Nanopoulos and K. Tamvakis</subfield>
    <subfield code="o">41</subfield>
    <subfield code="s">Phys.Lett.,B134,429</subfield>
    <subfield code="y">1984</subfield>
  </datafield>
  <datafield tag="999" ind1="C" ind2="5">
    <subfield code="0">230040</subfield>
    <subfield code="h">A. B. Lahanas and D. V. Nanopoulos</subfield>
    <subfield code="o">41</subfield>
    <subfield code="s">Phys.Rept.,145,1</subfield>
    <subfield code="y">1987</subfield>
  </datafield>
  <datafield tag="999" ind1="C" ind2="5">
    <subfield code="0">213124</subfield>
    <subfield code="h">E. Witten</subfield>
    <subfield code="o">42</subfield>
    <subfield code="s">Phys.Lett.,B155,151</subfield>
    <subfield code="y">1985</subfield>
  </datafield>
  <datafield tag="999" ind1="C" ind2="5">
    <subfield code="0">215237</subfield>
    <subfield code="h">A. S. Goncharov and A. D. Linde</subfield>
    <subfield code="o">43</subfield>
    <subfield code="s">Class.Quant.Grav.,1,L75</subfield>
    <subfield code="y">1984</subfield>
  </datafield>
  <datafield tag="999" ind1="C" ind2="5">
    <subfield code="0">36522</subfield>
    <subfield code="h">H. Murayama, H. Suzuki, T. Yanagida and J. Yokoyama</subfield>
    <subfield code="m">[arXiv:</subfield>
    <subfield code="o">43</subfield>
    <subfield code="r">hep-ph/9311326</subfield>
    <subfield code="s">Phys.Rev.,D50,2356</subfield>
    <subfield code="y">1994</subfield>
  </datafield>
  <datafield tag="999" ind1="C" ind2="5">
    <subfield code="0">207449</subfield>
    <subfield code="h">J. R. Ellis, K. Enqvist, D. V. Nanopoulos, K. A. Olive and M. Srednicki</subfield>
    <subfield code="o">44</subfield>
    <subfield code="s">Phys.Lett.,B152,175</subfield>
    <subfield code="s">Phys.Lett.,B156,452</subfield>
    <subfield code="y">1985</subfield>
  </datafield>
  <datafield tag="999" ind1="C" ind2="5">
    <subfield code="0">213973</subfield>
    <subfield code="h">K. Enqvist, D. V. Nanopoulos and M. Quiros</subfield>
    <subfield code="o">44</subfield>
    <subfield code="s">Phys.Lett.,B159,249</subfield>
    <subfield code="y">1985</subfield>
  </datafield>
  <datafield tag="999" ind1="C" ind2="5">
    <subfield code="0">1258412</subfield>
    <subfield code="h">T. Li, Z. Li and D. V. Nanopoulos</subfield>
    <subfield code="o">44</subfield>
    <subfield code="r">arXiv:1310.3331 [hep-ph]</subfield>
  </datafield>
  <datafield tag="999" ind1="C" ind2="5">
    <subfield code="0">239239</subfield>
    <subfield code="h">P. Binétruy and M. K. Gaillard</subfield>
    <subfield code="o">45</subfield>
    <subfield code="s">Phys.Rev.,D34,3069</subfield>
    <subfield code="y">1986</subfield>
  </datafield>
  <datafield tag="999" ind1="C" ind2="5">
    <subfield code="0">793310</subfield>
    <subfield code="h">S. Antusch, M. Bastero-Gil, K. Dutta, S. F. King and P. M. Kostka</subfield>
    <subfield code="o">46</subfield>
    <subfield code="r">arXiv:0808.2425 [hep-ph]</subfield>
    <subfield code="s">JCAP,0901,040</subfield>
    <subfield code="y">2009</subfield>
  </datafield>
  <datafield tag="999" ind1="C" ind2="5">
    <subfield code="0">819608</subfield>
    <subfield code="h">S. Antusch, M. Bastero-Gil, K. Dutta, S. F. King and P. M. Kostka</subfield>
    <subfield code="o">46</subfield>
    <subfield code="r">arXiv:0905.0905 [hep-th]</subfield>
    <subfield code="s">Phys.Lett.,B679,428</subfield>
    <subfield code="y">2009</subfield>
  </datafield>
  <datafield tag="999" ind1="C" ind2="5">
    <subfield code="0">1287719</subfield>
    <subfield code="h">J. Ellis, M. A. G. Garca, D. V. Nanopoulos and K. A. Olive</subfield>
    <subfield code="o">47</subfield>
    <subfield code="r">arXiv:1403.7518 [hep-ph]</subfield>
    <subfield code="s">JCAP,1405,037</subfield>
    <subfield code="y">2014</subfield>
  </datafield>
  <datafield tag="999" ind1="C" ind2="5">
    <subfield code="0">1239479</subfield>
    <subfield code="h">R. Kallosh and A. Linde</subfield>
    <subfield code="o">48</subfield>
    <subfield code="r">arXiv:1306.5220 [hep-th]</subfield>
    <subfield code="s">JCAP,1307,002</subfield>
    <subfield code="y">2013</subfield>
  </datafield>
  <datafield tag="999" ind1="C" ind2="5">
    <subfield code="0">1245204</subfield>
    <subfield code="h">R. Kallosh and A. Linde</subfield>
    <subfield code="o">48</subfield>
    <subfield code="r">arXiv:1307.7938</subfield>
    <subfield code="s">JCAP,1310,033</subfield>
    <subfield code="y">2013</subfield>
  </datafield>
  <datafield tag="999" ind1="C" ind2="5">
    <subfield code="0">1253307</subfield>
    <subfield code="h">R. Kallosh and A. Linde</subfield>
    <subfield code="o">48</subfield>
    <subfield code="r">arXiv:1309.2015 [hep-th]</subfield>
    <subfield code="s">JCAP,1312,006</subfield>
    <subfield code="y">2013</subfield>
  </datafield>
  <datafield tag="999" ind1="C" ind2="5">
    <subfield code="0">1258575</subfield>
    <subfield code="h">R. Kallosh, A. Linde and D. Roest</subfield>
    <subfield code="o">48</subfield>
    <subfield code="r">arXiv:1310.3950 [hep-th]</subfield>
    <subfield code="s">Phys.Rev.Lett.,112,011303</subfield>
    <subfield code="y">2014</subfield>
  </datafield>
  <datafield tag="999" ind1="C" ind2="5">
    <subfield code="0">1263156</subfield>
    <subfield code="h">R. Kallosh, A. Linde and D. Roest</subfield>
    <subfield code="o">48</subfield>
    <subfield code="r">arXiv:1311.0472 [hep-th]</subfield>
    <subfield code="s">JHEP,1311,198</subfield>
    <subfield code="y">2013</subfield>
  </datafield>
  <datafield tag="999" ind1="C" ind2="5">
    <subfield code="0">1296065</subfield>
    <subfield code="h">R. Kallosh, A. Linde and D. Roest</subfield>
    <subfield code="o">48</subfield>
    <subfield code="r">arXiv:1405.3646 [hep-th]</subfield>
    <subfield code="s">JHEP,1408,052</subfield>
    <subfield code="y">2014</subfield>
  </datafield>
  <datafield tag="999" ind1="C" ind2="5">
    <subfield code="0">1306719</subfield>
    <subfield code="h">R. Kallosh, A. Linde and D. Roest</subfield>
    <subfield code="o">48</subfield>
    <subfield code="r">arXiv:1407.4471 [hep-th]</subfield>
  </datafield>
  <datafield tag="999" ind1="C" ind2="5">
    <subfield code="0">245134</subfield>
    <subfield code="h">S. Cecotti</subfield>
    <subfield code="o">49</subfield>
    <subfield code="s">Phys.Lett.,B190,86</subfield>
    <subfield code="y">1987</subfield>
  </datafield>
  <datafield tag="999" ind1="C" ind2="5">
    <subfield code="0">1286748</subfield>
    <subfield code="h">S. Ferrara, A. Kehagias and A. Riotto</subfield>
    <subfield code="o">50</subfield>
    <subfield code="r">arXiv:1403.5531 [hep-th]</subfield>
    <subfield code="s">Fortsch.Phys.,62,573</subfield>
    <subfield code="y">2014</subfield>
  </datafield>
  <datafield tag="999" ind1="C" ind2="5">
    <subfield code="0">1295637</subfield>
    <subfield code="h">S. Ferrara, A. Kehagias and A. Riotto</subfield>
    <subfield code="o">50</subfield>
    <subfield code="r">arXiv:1405.2353 [hep-th]</subfield>
  </datafield>
  <datafield tag="999" ind1="C" ind2="5">
    <subfield code="0">1287614</subfield>
    <subfield code="h">R. Kallosh, A. Linde, B. Vercnocke and W. Chemissany</subfield>
    <subfield code="o">51</subfield>
    <subfield code="r">arXiv:1403.7189 [hep-th]</subfield>
    <subfield code="s">JCAP,1407,053</subfield>
    <subfield code="y">2014</subfield>
  </datafield>
  <datafield tag="999" ind1="C" ind2="5">
    <subfield code="0">1287766</subfield>
    <subfield code="h">K. Hamaguchi, T. Moroi and T. Terada</subfield>
    <subfield code="o">51</subfield>
    <subfield code="r">arXiv:1403.7521 [hep-ph]</subfield>
    <subfield code="s">Phys.Lett.,B733,305</subfield>
    <subfield code="y">2014</subfield>
  </datafield>
  <datafield tag="999" ind1="C" ind2="5">
    <subfield code="0">466765</subfield>
    <subfield code="h">J. A. Casas</subfield>
    <subfield code="m">in Proceedings, International Europhysics Conference on High-Energy Physics, Jerusalem, Israel, August 19-25,, D. Lellouch, G. Mikenberg and E. Rabinovici (eds.) pp 914-917</subfield>
    <subfield code="o">52</subfield>
    <subfield code="r">hep-ph/9802210</subfield>
    <subfield code="y">1997</subfield>
  </datafield>
  <datafield tag="999" ind1="C" ind2="5">
    <subfield code="0">533194</subfield>
    <subfield code="h">C. Gordon, D. Wands, B. A. Bassett and R. Maartens</subfield>
    <subfield code="o">53</subfield>
    <subfield code="r">astro-ph/0009131</subfield>
    <subfield code="s">Phys.Rev.,D63,023506</subfield>
    <subfield code="y">2001</subfield>
  </datafield>
  <datafield tag="999" ind1="C" ind2="5">
    <subfield code="0">717821</subfield>
    <subfield code="h">C. T. Byrnes and D. Wands</subfield>
    <subfield code="o">53</subfield>
    <subfield code="r">astro-ph/0605679</subfield>
    <subfield code="s">Phys.Rev.,D74,043529</subfield>
    <subfield code="y">2006</subfield>
  </datafield>
  <datafield tag="999" ind1="C" ind2="5">
    <subfield code="0">1269415</subfield>
    <subfield code="h">R. Easther, J. Frazer, H. V. Peiris and L. C. Price</subfield>
    <subfield code="o">53</subfield>
    <subfield code="r">arXiv:1312.4035 [astro-ph.CO]</subfield>
    <subfield code="s">Phys.Rev.Lett.,112,161302</subfield>
    <subfield code="y">2014</subfield>
  </datafield>
  <datafield tag="999" ind1="C" ind2="5">
    <subfield code="0">396571</subfield>
    <subfield code="h">J. Garcia-Bellido and D. Wands</subfield>
    <subfield code="o">54</subfield>
    <subfield code="r">gr-qc/9506050</subfield>
    <subfield code="s">Phys.Rev.,D52,6739</subfield>
    <subfield code="y">1995</subfield>
  </datafield>
  <datafield tag="999" ind1="C" ind2="5">
    <subfield code="0">560850</subfield>
    <subfield code="h">A. A. Starobinsky, S. Tsujikawa and J. Yokoyama</subfield>
    <subfield code="o">54</subfield>
    <subfield code="r">astro-ph/0107555</subfield>
    <subfield code="s">Nucl.Phys.,B610,383</subfield>
    <subfield code="y">2001</subfield>
  </datafield>
  <datafield tag="999" ind1="C" ind2="5">
    <subfield code="0">601894</subfield>
    <subfield code="h">F. Di Marco, F. Finelli and R. Brandenberger</subfield>
    <subfield code="o">54</subfield>
    <subfield code="r">astro-ph/0211276</subfield>
    <subfield code="s">Phys.Rev.,D67,063512</subfield>
    <subfield code="y">2003</subfield>
  </datafield>
  <datafield tag="999" ind1="C" ind2="5">
    <subfield code="0">682252</subfield>
    <subfield code="h">F. Di Marco and F. Finelli</subfield>
    <subfield code="o">54</subfield>
    <subfield code="r">astro-ph/0505198</subfield>
    <subfield code="s">Phys.Rev.,D71,123502</subfield>
    <subfield code="y">2005</subfield>
  </datafield>
  <datafield tag="999" ind1="C" ind2="5">
    <subfield code="0">741964</subfield>
    <subfield code="h">K. Y. Choi, L. M. H. Hall</subfield>
    <subfield code="m">and C. van de Bruck</subfield>
    <subfield code="o">54</subfield>
    <subfield code="r">astro-ph/0701247</subfield>
    <subfield code="s">JCAP,0702,029</subfield>
    <subfield code="y">2007</subfield>
  </datafield>
  <datafield tag="999" ind1="C" ind2="5">
    <subfield code="0">449335</subfield>
    <subfield code="h">V. F. Mukhanov and P. J. Steinhardt</subfield>
    <subfield code="o">55</subfield>
    <subfield code="r">astro-ph/9710038</subfield>
    <subfield code="s">Phys.Lett.,B422,52</subfield>
    <subfield code="y">1998</subfield>
  </datafield>
  <datafield tag="999" ind1="C" ind2="5">
    <subfield code="0">776958</subfield>
    <subfield code="h">D. Langlois and S. Renaux-Petel</subfield>
    <subfield code="o">56</subfield>
    <subfield code="r">arXiv:0801.1085 [hep-th]</subfield>
    <subfield code="s">JCAP,0804,017</subfield>
    <subfield code="y">2008</subfield>
  </datafield>
  <datafield tag="999" ind1="C" ind2="5">
    <subfield code="0">855920</subfield>
    <subfield code="h">C. M. Peterson and M. Tegmark</subfield>
    <subfield code="o">56</subfield>
    <subfield code="r">arXiv:1005.4056 [astro-ph.CO]</subfield>
    <subfield code="s">Phys.Rev.,D83,023522</subfield>
    <subfield code="y">2011</subfield>
  </datafield>
  <datafield tag="999" ind1="C" ind2="5">
    <subfield code="0">1285714</subfield>
    <subfield code="h">I. Antoniadis, E. Dudas, S. Ferrara and A. Sagnotti</subfield>
    <subfield code="o">57</subfield>
    <subfield code="r">arXiv:1403.3269 [hep-th]</subfield>
    <subfield code="s">Phys.Lett.,B733,32</subfield>
    <subfield code="y">2014</subfield>
  </datafield>
  <datafield tag="999" ind1="C" ind2="5">
    <subfield code="0">1311320</subfield>
    <subfield code="h">S. Ferrara, R. Kallosh and A. Linde</subfield>
    <subfield code="o">57</subfield>
    <subfield code="r">arXiv:1408.4096 [hepth]</subfield>
  </datafield>
  <datafield tag="999" ind1="C" ind2="5">
    <subfield code="0">1312345</subfield>
    <subfield code="h">R. Kallosh and A. Linde</subfield>
    <subfield code="o">57</subfield>
    <subfield code="r">arXiv:1408.5950 [hep-th]</subfield>
  </datafield>
  <datafield tag="999" ind1="C" ind2="5">
    <subfield code="0">944471</subfield>
    <subfield code="h">C. M. Peterson and M. Tegmark</subfield>
    <subfield code="o">58</subfield>
    <subfield code="r">arXiv:1111.0927 [astro-ph.CO]</subfield>
    <subfield code="s">Phys.Rev.,D87,103507</subfield>
    <subfield code="y">2013</subfield>
  </datafield>
  <datafield tag="999" ind1="C" ind2="5">
    <subfield code="0">159548</subfield>
    <subfield code="h">J. M. Bardeen</subfield>
    <subfield code="o">59</subfield>
    <subfield code="s">Phys.Rev.,D22,1882</subfield>
    <subfield code="y">1980</subfield>
  </datafield>
  <datafield tag="999" ind1="C" ind2="5">
    <subfield code="0">312837</subfield>
    <subfield code="h">J. M. Stewart</subfield>
    <subfield code="o">59</subfield>
    <subfield code="s">Class.Quant.Grav.,7,1169</subfield>
    <subfield code="y">1990</subfield>
  </datafield>
  <datafield tag="999" ind1="C" ind2="5">
    <subfield code="0">552978</subfield>
    <subfield code="h">E. Komatsu and D. N. Spergel</subfield>
    <subfield code="o">60</subfield>
    <subfield code="r">astro-ph/0005036</subfield>
    <subfield code="s">Phys.Rev.,D63,063002</subfield>
    <subfield code="y">2001</subfield>
  </datafield>
  <datafield tag="999" ind1="C" ind2="5">
    <subfield code="0">679555</subfield>
    <subfield code="h">D. H. Lyth and Y. Rodriguez</subfield>
    <subfield code="o">61</subfield>
    <subfield code="r">astro-ph/0504045</subfield>
    <subfield code="s">Phys.Rev.Lett.,95,121302</subfield>
    <subfield code="y">2005</subfield>
  </datafield>
  <datafield tag="999" ind1="C" ind2="5">
    <subfield code="0">855920</subfield>
    <subfield code="h">C. M. Peterson and M. Tegmark</subfield>
    <subfield code="o">62</subfield>
    <subfield code="r">arXiv:1005.4056 [astro-ph.CO]</subfield>
    <subfield code="s">Phys.Rev.,D83,023522</subfield>
    <subfield code="y">2011</subfield>
  </datafield>
  <datafield tag="999" ind1="C" ind2="5">
    <subfield code="0">878492</subfield>
    <subfield code="h">C. M. Peterson and M. Tegmark</subfield>
    <subfield code="o">63</subfield>
    <subfield code="r">arXiv:1011.6675 [astro-ph.CO]</subfield>
    <subfield code="s">Phys.Rev.,D84,023520</subfield>
    <subfield code="y">2011</subfield>
  </datafield>
</record>