
<record>
  <controlfield tag="001">1311334</controlfield>
  <controlfield tag="005">20150127164233.0</controlfield>
  <datafield tag="024" ind1="7" ind2=" ">
    <subfield code="2">DOI</subfield>
    <subfield code="9">bibmatch</subfield>
    <subfield code="a">10.1140/epjc/s10052-014-3212-9</subfield>
  </datafield>
  <datafield tag="035" ind1=" " ind2=" ">
    <subfield code="9">INSPIRETeX</subfield>
    <subfield code="a">Buchmueller:2014yva</subfield>
  </datafield>
  <datafield tag="035" ind1=" " ind2=" ">
    <subfield code="9">arXiv</subfield>
    <subfield code="a">oai:arXiv.org:1408.4060</subfield>
  </datafield>
  <datafield tag="037" ind1=" " ind2=" ">
    <subfield code="a">KCL-PH-TH-2014-33</subfield>
  </datafield>
  <datafield tag="037" ind1=" " ind2=" ">
    <subfield code="a">LCTS-2014-29</subfield>
  </datafield>
  <datafield tag="037" ind1=" " ind2=" ">
    <subfield code="a">CERN-PH-TH-2014-145</subfield>
  </datafield>
  <datafield tag="037" ind1=" " ind2=" ">
    <subfield code="a">DESY-14-144</subfield>
  </datafield>
  <datafield tag="037" ind1=" " ind2=" ">
    <subfield code="a">--FTPI-MINN-14-39</subfield>
  </datafield>
  <datafield tag="037" ind1=" " ind2=" ">
    <subfield code="a">UMN-TH-3344-14</subfield>
  </datafield>
  <datafield tag="037" ind1=" " ind2=" ">
    <subfield code="a">SLAC-PUB-16051</subfield>
  </datafield>
  <datafield tag="037" ind1=" " ind2=" ">
    <subfield code="9">arXiv</subfield>
    <subfield code="a">arXiv:1408.4060</subfield>
    <subfield code="c">hep-ph</subfield>
  </datafield>
  <datafield tag="100" ind1=" " ind2=" ">
    <subfield code="a">Buchmueller, O.</subfield>
    <subfield code="u">Imperial Coll., London</subfield>
  </datafield>
  <datafield tag="245" ind1=" " ind2=" ">
    <subfield code="9">arXiv</subfield>
    <subfield code="a">The NUHM2 after LHC Run 1</subfield>
  </datafield>
  <datafield tag="246" ind1=" " ind2=" ">
    <subfield code="9">arXiv</subfield>
    <subfield code="a">The NUHM2 after LHC Run 1</subfield>
  </datafield>
  <datafield tag="260" ind1=" " ind2=" ">
    <subfield code="c">2014-12-17</subfield>
    <subfield code="t">published</subfield>
  </datafield>
  <datafield tag="269" ind1=" " ind2=" ">
    <subfield code="c">2014-08-18</subfield>
  </datafield>
  <datafield tag="300" ind1=" " ind2=" ">
    <subfield code="a">20</subfield>
  </datafield>
  <datafield tag="500" ind1=" " ind2=" ">
    <subfield code="9">arXiv</subfield>
    <subfield code="a">20 pages latex, 13 figures</subfield>
  </datafield>
  <datafield tag="520" ind1=" " ind2=" ">
    <subfield code="9">arXiv</subfield>
    <subfield code="a">We make a frequentist analysis of the parameter space of the NUHM2, in which the soft supersymmetry (SUSY)-breaking contributions to the masses of the two Higgs multiplets, $m^2_{H_{u,d}}$, vary independently from the universal soft SUSY-breaking contributions $m^2_0$ to the masses of squarks and sleptons. Our analysis uses the MultiNest sampling algorithm with over $4 \times 10^8$ points to sample the NUHM2 parameter space. It includes the ATLAS and CMS Higgs mass measurements as well as their searches for supersymmetric jets + MET signals using the full LHC Run~1 data, the measurements of $B_s \to \mu^+ \mu^-$ by LHCb and CMS together with other B-physics observables, electroweak precision observables and the XENON100 and LUX searches for spin-independent dark matter scattering. We find that the preferred regions of the NUHM2 parameter space have negative SUSY-breaking scalar masses squared for squarks and sleptons, $m_0^2 &lt; 0$, as well as $m^2_{H_u} &lt; m^2_{H_d} &lt; 0$. The tension present in the CMSSM and NUHM1 between the supersymmetric interpretation of $g_\mu - 2$ and the absence to date of SUSY at the LHC is not significantly alleviated in the NUHM2. We find that the minimum $\chi^2 = 32.5$ with 21 degrees of freedom (dof) in the NUHM2, to be compared with $\chi^2/{\rm dof} = 35.0/23$ in the CMSSM, and $\chi^2/{\rm dof} = 32.7/22$ in the NUHM1. We find that the one-dimensional likelihood functions for sparticle masses and other observables are similar to those found previously in the CMSSM and NUHM1.</subfield>
  </datafield>
  <datafield tag="520" ind1=" " ind2=" ">
    <subfield code="9">Springer</subfield>
    <subfield code="a">We make a frequentist analysis of the parameter space of the NUHM2, in which the soft supersymmetry (SUSY)-breaking contributions to the masses of the two Higgs multiplets, $m^2_{H_{u,d}}$ , vary independently from the universal soft SUSY-breaking contributions $m^2_0$ to the masses of squarks and sleptons. Our analysis uses the MultiNest sampling algorithm with over $4 \times 10^8$ points to sample the NUHM2 parameter space. It includes the ATLAS and CMS Higgs mass measurements as well as the ATLAS search for supersymmetric jets +  ${/\!\!E}_T$ signals using the full LHC Run 1 data, the measurements of $\mathrm{BR}(B_s \rightarrow \mu ^+\mu ^-)$ by LHCb and CMS together with other B-physics observables, electroweak precision observables and the XENON100 and LUX searches for spin-independent dark-matter scattering. We find that the preferred regions of the NUHM2 parameter space have negative SUSY-breaking scalar masses squared at the GUT scale for squarks and sleptons, $m_0^2 &lt; 0$ , as well as $m^2_{H_u} &lt; m^2_{H_d} &lt; 0$ . The tension present in the CMSSM and NUHM1 between the supersymmetric interpretation of $(g-2)_\mu $ and the absence to date of SUSY at the LHC is not significantly alleviated in the NUHM2. We find that the minimum $\chi ^2 = 32.5$ with 21 degrees of freedom (dof) in the NUHM2, to be compared with $\chi ^2/\mathrm{dof} = 35.0/23$ in the CMSSM, and $\chi ^2/\mathrm{dof} = 32.7/22$ in the NUHM1. We find that the one-dimensional likelihood functions for sparticle masses and other observables are similar to those found previously in the CMSSM and NUHM1.</subfield>
  </datafield>
  <datafield tag="540" ind1=" " ind2=" ">
    <subfield code="b">arXiv</subfield>
    <subfield code="u">http://arxiv.org/licenses/nonexclusive-distrib/1.0/</subfield>
  </datafield>
  <datafield tag="541" ind1=" " ind2=" ">
    <subfield code="a">arxiv</subfield>
    <subfield code="c">OAI</subfield>
  </datafield>
  <datafield tag="595" ind1=" " ind2="D">
    <subfield code="a">F</subfield>
    <subfield code="d">2014-08-28</subfield>
    <subfield code="s">abs</subfield>
  </datafield>
  <datafield tag="650" ind1="1" ind2="7">
    <subfield code="2">arXiv</subfield>
    <subfield code="a">hep-ph</subfield>
  </datafield>
  <datafield tag="650" ind1="1" ind2="7">
    <subfield code="2">INSPIRE</subfield>
    <subfield code="a">Phenomenology-HEP</subfield>
  </datafield>
  <datafield tag="650" ind1="1" ind2="7">
    <subfield code="2">arXiv</subfield>
    <subfield code="a">hep-ex</subfield>
  </datafield>
  <datafield tag="650" ind1="1" ind2="7">
    <subfield code="2">INSPIRE</subfield>
    <subfield code="a">Experiment-HEP</subfield>
  </datafield>
  <datafield tag="695" ind1=" " ind2=" ">
    <subfield code="2">INSPIRE</subfield>
    <subfield code="a">* Automatic Keywords *</subfield>
  </datafield>
  <datafield tag="695" ind1=" " ind2=" ">
    <subfield code="2">INSPIRE</subfield>
    <subfield code="9">bibclassify</subfield>
    <subfield code="a">supersymmetry: symmetry breaking</subfield>
  </datafield>
  <datafield tag="695" ind1=" " ind2=" ">
    <subfield code="2">INSPIRE</subfield>
    <subfield code="9">bibclassify</subfield>
    <subfield code="a">sparticle: mass</subfield>
  </datafield>
  <datafield tag="695" ind1=" " ind2=" ">
    <subfield code="2">INSPIRE</subfield>
    <subfield code="9">bibclassify</subfield>
    <subfield code="a">mass: scalar</subfield>
  </datafield>
  <datafield tag="695" ind1=" " ind2=" ">
    <subfield code="2">INSPIRE</subfield>
    <subfield code="9">bibclassify</subfield>
    <subfield code="a">squark: mass</subfield>
  </datafield>
  <datafield tag="695" ind1=" " ind2=" ">
    <subfield code="2">INSPIRE</subfield>
    <subfield code="9">bibclassify</subfield>
    <subfield code="a">Higgs particle: mass</subfield>
  </datafield>
  <datafield tag="695" ind1=" " ind2=" ">
    <subfield code="2">INSPIRE</subfield>
    <subfield code="9">bibclassify</subfield>
    <subfield code="a">dark matter: scattering</subfield>
  </datafield>
  <datafield tag="695" ind1=" " ind2=" ">
    <subfield code="2">INSPIRE</subfield>
    <subfield code="9">bibclassify</subfield>
    <subfield code="a">dimension: 1</subfield>
  </datafield>
  <datafield tag="695" ind1=" " ind2=" ">
    <subfield code="2">INSPIRE</subfield>
    <subfield code="9">bibclassify</subfield>
    <subfield code="a">Higgs particle: multiplet</subfield>
  </datafield>
  <datafield tag="695" ind1=" " ind2=" ">
    <subfield code="2">INSPIRE</subfield>
    <subfield code="9">bibclassify</subfield>
    <subfield code="a">CERN LHC Coll</subfield>
  </datafield>
  <datafield tag="695" ind1=" " ind2=" ">
    <subfield code="2">INSPIRE</subfield>
    <subfield code="9">bibclassify</subfield>
    <subfield code="a">slepton</subfield>
  </datafield>
  <datafield tag="695" ind1=" " ind2=" ">
    <subfield code="2">INSPIRE</subfield>
    <subfield code="9">bibclassify</subfield>
    <subfield code="a">CMS</subfield>
  </datafield>
  <datafield tag="695" ind1=" " ind2=" ">
    <subfield code="2">INSPIRE</subfield>
    <subfield code="9">bibclassify</subfield>
    <subfield code="a">electroweak interaction</subfield>
  </datafield>
  <datafield tag="695" ind1=" " ind2=" ">
    <subfield code="2">INSPIRE</subfield>
    <subfield code="9">bibclassify</subfield>
    <subfield code="a">frequentist</subfield>
  </datafield>
  <datafield tag="695" ind1=" " ind2=" ">
    <subfield code="2">INSPIRE</subfield>
    <subfield code="9">bibclassify</subfield>
    <subfield code="a">tension</subfield>
  </datafield>
  <datafield tag="695" ind1=" " ind2=" ">
    <subfield code="2">INSPIRE</subfield>
    <subfield code="9">bibclassify</subfield>
    <subfield code="a">LHC-B</subfield>
  </datafield>
  <datafield tag="695" ind1=" " ind2=" ">
    <subfield code="2">INSPIRE</subfield>
    <subfield code="9">bibclassify</subfield>
    <subfield code="a">XENON</subfield>
  </datafield>
  <datafield tag="695" ind1=" " ind2=" ">
    <subfield code="2">INSPIRE</subfield>
    <subfield code="9">bibclassify</subfield>
    <subfield code="a">ATLAS</subfield>
  </datafield>
  <datafield tag="700" ind1=" " ind2=" ">
    <subfield code="a">Cavanaugh, R.</subfield>
    <subfield code="u">Fermilab</subfield>
    <subfield code="u">Illinois U., Chicago</subfield>
  </datafield>
  <datafield tag="700" ind1=" " ind2=" ">
    <subfield code="a">Citron, M.</subfield>
    <subfield code="u">Imperial Coll., London</subfield>
  </datafield>
  <datafield tag="700" ind1=" " ind2=" ">
    <subfield code="a">De Roeck, A.</subfield>
    <subfield code="u">Antwerp U.</subfield>
    <subfield code="u">CERN</subfield>
  </datafield>
  <datafield tag="700" ind1=" " ind2=" ">
    <subfield code="a">Dolan, M.J.</subfield>
    <subfield code="u">SLAC</subfield>
  </datafield>
  <datafield tag="700" ind1=" " ind2=" ">
    <subfield code="a">Ellis, J.R.</subfield>
    <subfield code="u">King's Coll, London</subfield>
    <subfield code="u">CERN</subfield>
  </datafield>
  <datafield tag="700" ind1=" " ind2=" ">
    <subfield code="a">Flaecher, H.</subfield>
    <subfield code="u">Bristol U.</subfield>
  </datafield>
  <datafield tag="700" ind1=" " ind2=" ">
    <subfield code="a">Heinemeyer, S.</subfield>
    <subfield code="u">Cantabria U., Santander</subfield>
  </datafield>
  <datafield tag="700" ind1=" " ind2=" ">
    <subfield code="a">Malik, S.</subfield>
    <subfield code="u">Rockefeller U.</subfield>
  </datafield>
  <datafield tag="700" ind1=" " ind2=" ">
    <subfield code="a">Marrouche, J.</subfield>
    <subfield code="u">Imperial Coll., London</subfield>
  </datafield>
  <datafield tag="700" ind1=" " ind2=" ">
    <subfield code="a">Santos, D. Martinez</subfield>
    <subfield code="u">NIKHEF, Amsterdam</subfield>
  </datafield>
  <datafield tag="700" ind1=" " ind2=" ">
    <subfield code="a">Olive, K.A.</subfield>
    <subfield code="u">Minnesota U., Theor. Phys. Inst.</subfield>
  </datafield>
  <datafield tag="700" ind1=" " ind2=" ">
    <subfield code="a">De Vries, K.J.</subfield>
    <subfield code="u">Imperial Coll., London</subfield>
  </datafield>
  <datafield tag="700" ind1=" " ind2=" ">
    <subfield code="a">Weiglein, G.</subfield>
    <subfield code="u">DESY</subfield>
  </datafield>
  <datafield tag="773" ind1=" " ind2=" ">
    <subfield code="c">3212</subfield>
    <subfield code="n">12</subfield>
    <subfield code="p">Eur.Phys.J.</subfield>
    <subfield code="v">C74</subfield>
    <subfield code="y">2014</subfield>
  </datafield>
  <datafield tag="856" ind1="4" ind2=" ">
    <subfield code="s">12153</subfield>
    <subfield code="u">http://inspirehep.net/record/1311334/files/cmssm_mc9lux_m0_nuhm2_m12_stop_coannihilation_measure.png</subfield>
    <subfield code="y">00001 \it Upper left: The $(m_0, m_{1/2})$ planes in the NUHM2, CMSSM and NUHM1. The results of the fit in the NUHM2 are indicated by solid lines and filled green stars, and those of our previous fits to the CMSSM and NUHM1 by dotted and dashed lines as well as open and shaded green stars, respectively. In all cases, the red lines denote $\Delta \chi^2 = 2.30$ ($\sim 68$\% CL) contours, and the blue lines denote $\Delta \chi^2 = 5.99$ ($\sim 95$\% CL) contours. Upper right: The dominant mechanisms (\protect\ref{shadings}) fixing the dark matter density $\Och$ in the CMSSM. Lower left: The same for the NUHM1. Lower right: the same for the NUHM2. Stau coannihilation regions are shaded pink, rapid $A/H$ annihilation funnel regions are shaded blue, $\cha{1}$ coannihilation regions are shaded green, stop coannihilation regions are shaded grey. Regions where more than one of these conditions are satisfied are shaded in darker colours.</subfield>
  </datafield>
  <datafield tag="856" ind1="4" ind2=" ">
    <subfield code="s">19210</subfield>
    <subfield code="u">http://inspirehep.net/record/1311334/files/nuhm2_mc9lux_m0_nuhm2_m12_chi2.png</subfield>
    <subfield code="y">00000 \it Upper left: The $(m_0, m_{1/2})$ planes in the NUHM2, CMSSM and NUHM1. The results of the fit in the NUHM2 are indicated by solid lines and filled green stars, and those of our previous fits to the CMSSM and NUHM1 by dotted and dashed lines as well as open and shaded green stars, respectively. In all cases, the red lines denote $\Delta \chi^2 = 2.30$ ($\sim 68$\% CL) contours, and the blue lines denote $\Delta \chi^2 = 5.99$ ($\sim 95$\% CL) contours. Upper right: The dominant mechanisms (\protect\ref{shadings}) fixing the dark matter density $\Och$ in the CMSSM. Lower left: The same for the NUHM1. Lower right: the same for the NUHM2. Stau coannihilation regions are shaded pink, rapid $A/H$ annihilation funnel regions are shaded blue, $\cha{1}$ coannihilation regions are shaded green, stop coannihilation regions are shaded grey. Regions where more than one of these conditions are satisfied are shaded in darker colours.</subfield>
  </datafield>
  <datafield tag="856" ind1="4" ind2=" ">
    <subfield code="s">20641</subfield>
    <subfield code="u">http://inspirehep.net/record/1311334/files/nuhm2_mc9lux_MA_2500_chi2.png</subfield>
    <subfield code="y">00017 \it As in Fig.~\protect\ref{fig:mglmsq}, for $\MA$ (left panel) and for $\mu$ (right panel).</subfield>
  </datafield>
  <datafield tag="856" ind1="4" ind2=" ">
    <subfield code="s">20724</subfield>
    <subfield code="u">http://inspirehep.net/record/1311334/files/nuhm2_mc9lux_logmneu1_logssikocm2_MC10_chi2.png</subfield>
    <subfield code="y">00023 \it Left panel: The $(\mneu{1}, \ssi)$ plane in the NUHM2, with results in the CMSSM and NUHM1 shown for comparison. The star and contours have the same significations as in Fig.~\protect\ref{fig:m0m12}. Also shown are the 90\% CL upper limits on \ssi\ from the XENON100~\protect\cite{XENON100} and LUX~\protect\cite{lux} experiments (green and black lines, respectively), and the calculated atmospheric neutrino background level from~\protect\cite{nuback} (orange dashed line). Right panel: The $\Delta \chi^2$ functions for \ssi\ in the CMSSM, NUHM1 and NUHM2.</subfield>
  </datafield>
  <datafield tag="856" ind1="4" ind2=" ">
    <subfield code="s">21537</subfield>
    <subfield code="u">http://inspirehep.net/record/1311334/files/nuhm2_mc9lux_MA_tanb_chi2.png</subfield>
    <subfield code="y">00012 \it The $(\MA, \tan \beta)$ plane in the NUHM2, CMSSM and NUHM1. The lines and stars have the same significations as in Fig.~\protect\ref{fig:m0m12}.</subfield>
  </datafield>
  <datafield tag="856" ind1="4" ind2=" ">
    <subfield code="s">21792</subfield>
    <subfield code="u">http://inspirehep.net/record/1311334/files/nuhm2_mc9lux_mchar1_2K_chi2.png</subfield>
    <subfield code="y">00020 \it As in Fig.~\protect\ref{fig:mglmsq}, for $\mneu{1}$ (left panel) and for $\mcha{1}$ (right panel).</subfield>
  </datafield>
  <datafield tag="856" ind1="4" ind2=" ">
    <subfield code="s">21836</subfield>
    <subfield code="u">http://inspirehep.net/record/1311334/files/nuhm2_mc9lux_mg_5K_chi2.png</subfield>
    <subfield code="y">00013 \it The $\Delta \chi^2$ likelihood function in the NUHM2 (solid line) as a function of $\mgl$ (left panel) and $\msqr$ (right panel). The dotted (dashed) lines are for the corresponding fits in the CMSSM and NUHM1, respectively.</subfield>
  </datafield>
  <datafield tag="856" ind1="4" ind2=" ">
    <subfield code="s">21998</subfield>
    <subfield code="u">http://inspirehep.net/record/1311334/files/nuhm2_mc9lux_mstau1_chi2.png</subfield>
    <subfield code="y">00016 \it As in Fig.~\protect\ref{fig:mglmsq}, for $m_{\tilde t_1}$ (left panel) and for $m_{\tilde \tau_1}$ (right panel).</subfield>
  </datafield>
  <datafield tag="856" ind1="4" ind2=" ">
    <subfield code="s">22204</subfield>
    <subfield code="u">http://inspirehep.net/record/1311334/files/nuhm2_mc9lux_m0_nuhm2_tanb_chi2.png</subfield>
    <subfield code="y">00005 \it The $(\tb, m_{0})$ and $(\tb, m_{1/2})$ planes in the NUHM2, CMSSM and NUHM1. The stars and contours have the same significations as in Fig.~\protect\ref{fig:m0m12}.</subfield>
  </datafield>
  <datafield tag="856" ind1="4" ind2=" ">
    <subfield code="s">22357</subfield>
    <subfield code="u">http://inspirehep.net/record/1311334/files/nuhm1_mc9lux_m0_nuhm2_m12_stop_coannihilation_measure.png</subfield>
    <subfield code="y">00002 \it Upper left: The $(m_0, m_{1/2})$ planes in the NUHM2, CMSSM and NUHM1. The results of the fit in the NUHM2 are indicated by solid lines and filled green stars, and those of our previous fits to the CMSSM and NUHM1 by dotted and dashed lines as well as open and shaded green stars, respectively. In all cases, the red lines denote $\Delta \chi^2 = 2.30$ ($\sim 68$\% CL) contours, and the blue lines denote $\Delta \chi^2 = 5.99$ ($\sim 95$\% CL) contours. Upper right: The dominant mechanisms (\protect\ref{shadings}) fixing the dark matter density $\Och$ in the CMSSM. Lower left: The same for the NUHM1. Lower right: the same for the NUHM2. Stau coannihilation regions are shaded pink, rapid $A/H$ annihilation funnel regions are shaded blue, $\cha{1}$ coannihilation regions are shaded green, stop coannihilation regions are shaded grey. Regions where more than one of these conditions are satisfied are shaded in darker colours.</subfield>
  </datafield>
  <datafield tag="856" ind1="4" ind2=" ">
    <subfield code="s">22631</subfield>
    <subfield code="u">http://inspirehep.net/record/1311334/files/nuhm2_mc9lux_tanb_m12_chi2.png</subfield>
    <subfield code="y">00006 \it The $(\tb, m_{0})$ and $(\tb, m_{1/2})$ planes in the NUHM2, CMSSM and NUHM1. The stars and contours have the same significations as in Fig.~\protect\ref{fig:m0m12}.</subfield>
  </datafield>
  <datafield tag="856" ind1="4" ind2=" ">
    <subfield code="s">22674</subfield>
    <subfield code="u">http://inspirehep.net/record/1311334/files/nuhm2_mc9lux_msqr_chi2.png</subfield>
    <subfield code="y">00014 \it The $\Delta \chi^2$ likelihood function in the NUHM2 (solid line) as a function of $\mgl$ (left panel) and $\msqr$ (right panel). The dotted (dashed) lines are for the corresponding fits in the CMSSM and NUHM1, respectively.</subfield>
  </datafield>
  <datafield tag="856" ind1="4" ind2=" ">
    <subfield code="s">22908</subfield>
    <subfield code="u">http://inspirehep.net/record/1311334/files/nuhm2_mc9lux_mneu1_1250_chi2.png</subfield>
    <subfield code="y">00019 \it As in Fig.~\protect\ref{fig:mglmsq}, for $\mneu{1}$ (left panel) and for $\mcha{1}$ (right panel).</subfield>
  </datafield>
  <datafield tag="856" ind1="4" ind2=" ">
    <subfield code="s">23002</subfield>
    <subfield code="u">http://inspirehep.net/record/1311334/files/nuhm2_mc9lux_mstop1_5K_chi2.png</subfield>
    <subfield code="y">00015 \it As in Fig.~\protect\ref{fig:mglmsq}, for $m_{\tilde t_1}$ (left panel) and for $m_{\tilde \tau_1}$ (right panel).</subfield>
  </datafield>
  <datafield tag="856" ind1="4" ind2=" ">
    <subfield code="s">23184</subfield>
    <subfield code="u">http://inspirehep.net/record/1311334/files/nuhm2_mc9lux_m0_nuhm2_m12_stop_coannihilation_measure.png</subfield>
    <subfield code="y">00003 \it Upper left: The $(m_0, m_{1/2})$ planes in the NUHM2, CMSSM and NUHM1. The results of the fit in the NUHM2 are indicated by solid lines and filled green stars, and those of our previous fits to the CMSSM and NUHM1 by dotted and dashed lines as well as open and shaded green stars, respectively. In all cases, the red lines denote $\Delta \chi^2 = 2.30$ ($\sim 68$\% CL) contours, and the blue lines denote $\Delta \chi^2 = 5.99$ ($\sim 95$\% CL) contours. Upper right: The dominant mechanisms (\protect\ref{shadings}) fixing the dark matter density $\Och$ in the CMSSM. Lower left: The same for the NUHM1. Lower right: the same for the NUHM2. Stau coannihilation regions are shaded pink, rapid $A/H$ annihilation funnel regions are shaded blue, $\cha{1}$ coannihilation regions are shaded green, stop coannihilation regions are shaded grey. Regions where more than one of these conditions are satisfied are shaded in darker colours.</subfield>
  </datafield>
  <datafield tag="856" ind1="4" ind2=" ">
    <subfield code="s">23370</subfield>
    <subfield code="u">http://inspirehep.net/record/1311334/files/nuhm2_mc9lux_mu_chi2.png</subfield>
    <subfield code="y">00018 \it As in Fig.~\protect\ref{fig:mglmsq}, for $\MA$ (left panel) and for $\mu$ (right panel).</subfield>
  </datafield>
  <datafield tag="856" ind1="4" ind2=" ">
    <subfield code="s">24514</subfield>
    <subfield code="u">http://inspirehep.net/record/1311334/files/nuhm2_mc9lux_m0_nuhm2_A0_ko_nuhm2_chi2.png</subfield>
    <subfield code="y">00010 \it The $(m_{0}, A_0)$ plane (left panel) and the $(m_{1/2}, A_0)$ plane (right panel) in the NUHM2. The significations of the solid lines and filled stars are the same as in Fig.~\protect\ref{fig:m0m12}.</subfield>
  </datafield>
  <datafield tag="856" ind1="4" ind2=" ">
    <subfield code="s">24556</subfield>
    <subfield code="u">http://inspirehep.net/record/1311334/files/nuhm2_mc9lux_BsmmRatio_chi2.png</subfield>
    <subfield code="y">00021 \it As in Fig.~\protect\ref{fig:mglmsq}, for \rmm\ (left panel) and for $\Delta \left( \frac{g-2}{2} \right)$ (right panel). In each panel, we display separately as a red line the contribution of that individual observable to the global $\chi^2$ functions.</subfield>
  </datafield>
  <datafield tag="856" ind1="4" ind2=" ">
    <subfield code="s">25019</subfield>
    <subfield code="u">http://inspirehep.net/record/1311334/files/nuhm2_mc9lux_g-2_chi2.png</subfield>
    <subfield code="y">00022 \it As in Fig.~\protect\ref{fig:mglmsq}, for \rmm\ (left panel) and for $\Delta \left( \frac{g-2}{2} \right)$ (right panel). In each panel, we display separately as a red line the contribution of that individual observable to the global $\chi^2$ functions.</subfield>
  </datafield>
  <datafield tag="856" ind1="4" ind2=" ">
    <subfield code="s">25380</subfield>
    <subfield code="u">http://inspirehep.net/record/1311334/files/nuhm2_mc9lux_logssikocm2_MC10_chi2.png</subfield>
    <subfield code="y">00024 \it Left panel: The $(\mneu{1}, \ssi)$ plane in the NUHM2, with results in the CMSSM and NUHM1 shown for comparison. The star and contours have the same significations as in Fig.~\protect\ref{fig:m0m12}. Also shown are the 90\% CL upper limits on \ssi\ from the XENON100~\protect\cite{XENON100} and LUX~\protect\cite{lux} experiments (green and black lines, respectively), and the calculated atmospheric neutrino background level from~\protect\cite{nuback} (orange dashed line). Right panel: The $\Delta \chi^2$ functions for \ssi\ in the CMSSM, NUHM1 and NUHM2.</subfield>
  </datafield>
  <datafield tag="856" ind1="4" ind2=" ">
    <subfield code="s">25465</subfield>
    <subfield code="u">http://inspirehep.net/record/1311334/files/nuhm2_mc9lux_m0_nuhm2_mhd2_big_chi2.png</subfield>
    <subfield code="y">00008 \it The $(m_0, m_{H_{u}}^2)$ plane (left panel) and the $(m_0, m_{H_{d}}^2)$ plane (right panel) in the NUHM2 fit. The significations of the solid lines and filled stars are the same as in Fig.~\protect\ref{fig:m0m12}.</subfield>
  </datafield>
  <datafield tag="856" ind1="4" ind2=" ">
    <subfield code="s">26911</subfield>
    <subfield code="u">http://inspirehep.net/record/1311334/files/nuhm2_mc9lux_mhu2_big_mhd2_big_chi2.png</subfield>
    <subfield code="y">00009 \it The $(m_{H_u}^2, m_{H_d}^2)$ plane in the NUHM2. The star and contours have the same significations as in Fig.~\protect\ref{fig:m0m12}.</subfield>
  </datafield>
  <datafield tag="856" ind1="4" ind2=" ">
    <subfield code="s">29156</subfield>
    <subfield code="u">http://inspirehep.net/record/1311334/files/nuhm2_mc9lux_A0_ko_nuhm2_m12_chi2.png</subfield>
    <subfield code="y">00011 \it The $(m_{0}, A_0)$ plane (left panel) and the $(m_{1/2}, A_0)$ plane (right panel) in the NUHM2. The significations of the solid lines and filled stars are the same as in Fig.~\protect\ref{fig:m0m12}.</subfield>
  </datafield>
  <datafield tag="856" ind1="4" ind2=" ">
    <subfield code="s">30307</subfield>
    <subfield code="u">http://inspirehep.net/record/1311334/files/nuhm2_mc9lux_m0_nuhm2_mhu2_big_chi2.png</subfield>
    <subfield code="y">00007 \it The $(m_0, m_{H_{u}}^2)$ plane (left panel) and the $(m_0, m_{H_{d}}^2)$ plane (right panel) in the NUHM2 fit. The significations of the solid lines and filled stars are the same as in Fig.~\protect\ref{fig:m0m12}.</subfield>
  </datafield>
  <datafield tag="856" ind1="4" ind2=" ">
    <subfield code="s">9080</subfield>
    <subfield code="u">http://inspirehep.net/record/1311334/files/nuhm2_140620_mc9lux_bf.png</subfield>
    <subfield code="y">00004 \it The spectrum at the best-fit point found in our frequentist fit to the NUHM2.</subfield>
  </datafield>
  <datafield tag="856" ind1="4" ind2=" ">
    <subfield code="s">1301979</subfield>
    <subfield code="u">http://inspirehep.net/record/1311334/files/arXiv:1408.4060.pdf</subfield>
  </datafield>
  <datafield tag="856" ind1="4" ind2=" ">
    <subfield code="s">1451959</subfield>
    <subfield code="u">http://inspirehep.net/record/1311334/files/scoap3-fulltext.pdf?subformat=pdfa</subfield>
    <subfield code="x">pdfa</subfield>
    <subfield code="y">Article from SCOAP3</subfield>
  </datafield>
  <datafield tag="909" ind1="C" ind2="O">
    <subfield code="o">oai:inspirehep.net:1311334</subfield>
    <subfield code="p">CERN</subfield>
    <subfield code="p">INSPIRE:HEP</subfield>
    <subfield code="p">CERN:arXiv</subfield>
  </datafield>
  <datafield tag="980" ind1=" " ind2=" ">
    <subfield code="a">CORE</subfield>
  </datafield>
  <datafield tag="980" ind1=" " ind2=" ">
    <subfield code="a">arXiv</subfield>
  </datafield>
  <datafield tag="980" ind1=" " ind2=" ">
    <subfield code="a">Citeable</subfield>
  </datafield>
  <datafield tag="980" ind1=" " ind2=" ">
    <subfield code="a">HEP</subfield>
  </datafield>
  <datafield tag="980" ind1=" " ind2=" ">
    <subfield code="a">Published</subfield>
  </datafield>
  <datafield tag="999" ind1="C" ind2="6">
    <subfield code="a">0-8-7-8-0-0-1</subfield>
    <subfield code="t">2014-08-19 06:57:22</subfield>
    <subfield code="v">Invenio/1.1.2.1260-aa76f refextract/1.5.44</subfield>
    <subfield code="v">content.pdf;1</subfield>
  </datafield>
  <datafield tag="999" ind1="C" ind2="5">
    <subfield code="h">L. Maiani</subfield>
    <subfield code="m">Proceedings of the 1979 Gif-surYvette Summer School On Particle Physics, G. ’t Hooft, in Recent Developments in Gauge Theories, Proceedings of the Nato Advanced Study Institute, Cargese, 1979, G. t Hooft et al. (eds.) Press, NY,)</subfield>
    <subfield code="o">1</subfield>
    <subfield code="p">Plenum</subfield>
    <subfield code="y">1980</subfield>
  </datafield>
  <datafield tag="999" ind1="C" ind2="5">
    <subfield code="0">167850</subfield>
    <subfield code="h">E. Witten</subfield>
    <subfield code="o">1</subfield>
    <subfield code="s">Phys.Lett.,B105,267</subfield>
    <subfield code="y">1981</subfield>
  </datafield>
  <datafield tag="999" ind1="C" ind2="5">
    <subfield code="0">298254</subfield>
    <subfield code="h">J. Ellis, S. Kelley and D.V. Nanopoulos</subfield>
    <subfield code="o">2</subfield>
    <subfield code="s">Phys.Lett.,B249,441</subfield>
    <subfield code="y">1990</subfield>
  </datafield>
  <datafield tag="999" ind1="C" ind2="5">
    <subfield code="0">304282</subfield>
    <subfield code="m">;</subfield>
    <subfield code="o">2</subfield>
    <subfield code="s">Phys.Lett.,B260,131</subfield>
    <subfield code="y">1991</subfield>
  </datafield>
  <datafield tag="999" ind1="C" ind2="5">
    <subfield code="0">314885</subfield>
    <subfield code="h">U. Amaldi, W. de Boer and H. Furstenau</subfield>
    <subfield code="o">2</subfield>
    <subfield code="s">Phys.Lett.,B260,447</subfield>
    <subfield code="y">1991</subfield>
  </datafield>
  <datafield tag="999" ind1="C" ind2="5">
    <subfield code="0">314338</subfield>
    <subfield code="h">P. Langacker</subfield>
    <subfield code="m">and M.-x. Luo</subfield>
    <subfield code="o">2</subfield>
    <subfield code="s">Phys.Rev.,D44,817</subfield>
    <subfield code="y">1991</subfield>
  </datafield>
  <datafield tag="999" ind1="C" ind2="5">
    <subfield code="0">321063</subfield>
    <subfield code="h">C. Giunti, C. W. Kim and U. W. Lee</subfield>
    <subfield code="o">2</subfield>
    <subfield code="s">Mod.Phys.Lett.,A6,1745</subfield>
    <subfield code="y">1991</subfield>
  </datafield>
  <datafield tag="999" ind1="C" ind2="5">
    <subfield code="0">188864</subfield>
    <subfield code="h">H. Goldberg</subfield>
    <subfield code="o">3</subfield>
    <subfield code="s">Phys.Rev.Lett.,50,1419</subfield>
    <subfield code="y">1983</subfield>
  </datafield>
  <datafield tag="999" ind1="C" ind2="5">
    <subfield code="0">191839</subfield>
    <subfield code="h">J. Ellis, J. Hagelin, D. Nanopoulos, K. Olive and M. Srednicki</subfield>
    <subfield code="o">3</subfield>
    <subfield code="s">Nucl.Phys.,B238,453</subfield>
    <subfield code="y">1984</subfield>
  </datafield>
  <datafield tag="999" ind1="C" ind2="5">
    <subfield code="0">1298722</subfield>
    <subfield code="c">ATLAS Collaboration</subfield>
    <subfield code="h">G. Aad et al.</subfield>
    <subfield code="o">4</subfield>
    <subfield code="r">arXiv:1405.7875 [hep-ex]</subfield>
  </datafield>
  <datafield tag="999" ind1="C" ind2="5">
    <subfield code="0">1281837</subfield>
    <subfield code="c">CMS Collaboration</subfield>
    <subfield code="h">S. Chatrchyan et al.</subfield>
    <subfield code="o">5</subfield>
    <subfield code="r">arXiv:1402.4770 [hep-ex]</subfield>
    <subfield code="s">JHEP,1406,055</subfield>
    <subfield code="y">2014</subfield>
  </datafield>
  <datafield tag="999" ind1="C" ind2="5">
    <subfield code="0">1124337</subfield>
    <subfield code="c">ATLAS Collaboration</subfield>
    <subfield code="h">G. Aad et al.</subfield>
    <subfield code="o">6</subfield>
    <subfield code="r">arXiv:1207.7214 [hepex]</subfield>
    <subfield code="s">Phys.Lett.,B716,1</subfield>
    <subfield code="y">2012</subfield>
  </datafield>
  <datafield tag="999" ind1="C" ind2="5">
    <subfield code="0">1124338</subfield>
    <subfield code="c">CMS Collaboration</subfield>
    <subfield code="h">S. Chatrchyan et al.</subfield>
    <subfield code="o">6</subfield>
    <subfield code="r">arXiv:1207.7235 [hep-ex]</subfield>
    <subfield code="s">Phys.Lett.,B716,30</subfield>
    <subfield code="y">2012</subfield>
  </datafield>
  <datafield tag="999" ind1="C" ind2="5">
    <subfield code="0">1243424</subfield>
    <subfield code="h">R.Aaij et al.</subfield>
    <subfield code="m">[LHCb Collaboration]</subfield>
    <subfield code="o">7</subfield>
    <subfield code="r">arXiv:1307.5024 [hep-ex]</subfield>
    <subfield code="s">Phys.Rev.Lett.,111,101805</subfield>
    <subfield code="y">2013</subfield>
  </datafield>
  <datafield tag="999" ind1="C" ind2="5">
    <subfield code="0">1243425</subfield>
    <subfield code="c">CMS Collaboration</subfield>
    <subfield code="h">S. Chatrchyan et al.</subfield>
    <subfield code="o">8</subfield>
    <subfield code="r">arXiv:1307.5025 [hep-ex]</subfield>
    <subfield code="s">Phys.Rev.Lett.,111,101804</subfield>
    <subfield code="y">2013</subfield>
  </datafield>
  <datafield tag="999" ind1="C" ind2="5">
    <subfield code="0">1258337</subfield>
    <subfield code="c">CMS Collaborations</subfield>
    <subfield code="h">R.Aaij et al.</subfield>
    <subfield code="m">[LHCb LHCb-CONF--012</subfield>
    <subfield code="o">9</subfield>
    <subfield code="r">CMS-PAS-BPH-13-007</subfield>
    <subfield code="y">2013</subfield>
  </datafield>
  <datafield tag="999" ind1="C" ind2="5">
    <subfield code="0">194173</subfield>
    <subfield code="h">H. P. Nilles</subfield>
    <subfield code="o">10</subfield>
    <subfield code="s">Phys.Rept.,110,1</subfield>
    <subfield code="y">1984</subfield>
  </datafield>
  <datafield tag="999" ind1="C" ind2="5">
    <subfield code="0">200123</subfield>
    <subfield code="h">H. E. Haber and G. L. Kane</subfield>
    <subfield code="o">10</subfield>
    <subfield code="s">Phys.Rept.,117,75</subfield>
    <subfield code="y">1985</subfield>
  </datafield>
  <datafield tag="999" ind1="C" ind2="5">
    <subfield code="0">1272717</subfield>
    <subfield code="h">O. Buchmueller et al.</subfield>
    <subfield code="o">11</subfield>
    <subfield code="r">arXiv:1312.5250 [hep-ph]</subfield>
    <subfield code="s">Eur.Phys.J.,C74,2922</subfield>
    <subfield code="y">2014</subfield>
  </datafield>
  <datafield tag="999" ind1="C" ind2="5">
    <subfield code="0">1081100</subfield>
    <subfield code="h">T. Li, J. A. Maxin, D. V. Nanopoulos and J. W. Walker</subfield>
    <subfield code="o">12</subfield>
    <subfield code="r">arXiv:1112.3024 [hep-ph]</subfield>
    <subfield code="s">Phys.Lett.,B710,207</subfield>
    <subfield code="y">2012</subfield>
  </datafield>
  <datafield tag="999" ind1="C" ind2="5">
    <subfield code="0">894785</subfield>
    <subfield code="h">M. J. Dolan et al.</subfield>
    <subfield code="o">12</subfield>
    <subfield code="r">arXiv:1104.0585 [hep-ph]</subfield>
    <subfield code="s">JHEP,1106,095</subfield>
    <subfield code="y">2011</subfield>
  </datafield>
  <datafield tag="999" ind1="C" ind2="5">
    <subfield code="0">1081099</subfield>
    <subfield code="h">S. Heinemeyer, O. Stal and G. Weiglein</subfield>
    <subfield code="o">12</subfield>
    <subfield code="r">arXiv:1112.3026 [hep-ph]</subfield>
    <subfield code="s">Phys.Lett.,B710,201</subfield>
    <subfield code="y">2012</subfield>
  </datafield>
  <datafield tag="999" ind1="C" ind2="5">
    <subfield code="0">1081098</subfield>
    <subfield code="h">A. Arbey, M. Battaglia, A. Djouadi, F. Mahmoudi and J. Quevillon</subfield>
    <subfield code="o">12</subfield>
    <subfield code="r">arXiv:1112.3028 [hep-ph]</subfield>
    <subfield code="s">Phys.Lett.,B708,162</subfield>
    <subfield code="y">2012</subfield>
  </datafield>
  <datafield tag="999" ind1="C" ind2="5">
    <subfield code="0">1081286</subfield>
    <subfield code="h">P. Draper, P. Meade, M. Reece and D. Shih</subfield>
    <subfield code="o">12</subfield>
    <subfield code="r">arXiv:1112.3068 [hepph]</subfield>
    <subfield code="s">Phys.Rev.,D85,095007</subfield>
    <subfield code="y">2012</subfield>
  </datafield>
  <datafield tag="999" ind1="C" ind2="5">
    <subfield code="0">1081525</subfield>
    <subfield code="h">S. Akula, B. Altunkaynak, D. Feldman, P. Nath and G. Peim</subfield>
    <subfield code="o">12</subfield>
    <subfield code="r">arXiv:1112.3645 [hepph]</subfield>
    <subfield code="s">Phys.Rev.,D85,075001</subfield>
    <subfield code="y">2012</subfield>
  </datafield>
  <datafield tag="999" ind1="C" ind2="5">
    <subfield code="0">1081523</subfield>
    <subfield code="h">M. Kadastik, K. Kannike, A. Racioppi and M. Raidal</subfield>
    <subfield code="o">12</subfield>
    <subfield code="r">arXiv:1112.3647 [hep-ph]</subfield>
    <subfield code="s">JHEP,1205,061</subfield>
    <subfield code="y">2012</subfield>
  </datafield>
  <datafield tag="999" ind1="C" ind2="5">
    <subfield code="0">1082098</subfield>
    <subfield code="h">C. Strege et al.</subfield>
    <subfield code="o">12</subfield>
    <subfield code="r">arXiv:1112.4192 [hep-ph]</subfield>
    <subfield code="s">JCAP,1203,030</subfield>
    <subfield code="y">2012</subfield>
  </datafield>
  <datafield tag="999" ind1="C" ind2="5">
    <subfield code="0">1082024</subfield>
    <subfield code="h">J. Cao, Z. Heng, D. Li and J. M. Yang</subfield>
    <subfield code="o">12</subfield>
    <subfield code="r">arXiv:1112.4391 [hep-ph]</subfield>
    <subfield code="s">Phys.Lett.,B710,665</subfield>
    <subfield code="y">2012</subfield>
  </datafield>
  <datafield tag="999" ind1="C" ind2="5">
    <subfield code="0">1087918</subfield>
    <subfield code="h">L. Aparicio, D. G. Cerdeno and L. E. Ibanez</subfield>
    <subfield code="o">12</subfield>
    <subfield code="r">arXiv:1202.0822 [hep-ph]</subfield>
    <subfield code="s">JHEP,1204,126</subfield>
    <subfield code="y">2012</subfield>
  </datafield>
  <datafield tag="999" ind1="C" ind2="5">
    <subfield code="9">CURATOR</subfield>
    <subfield code="h">H. Baer, V. Barger and A. Mustafayev</subfield>
    <subfield code="o">12</subfield>
    <subfield code="r">TIFR-TH-12-15</subfield>
    <subfield code="s">Phys.Rev.,D86,055007</subfield>
  </datafield>
  <datafield tag="999" ind1="C" ind2="5">
    <subfield code="0">1081105</subfield>
    <subfield code="h">H. Baer, V. Barger and A. Mustafayev</subfield>
    <subfield code="o">13</subfield>
    <subfield code="r">arXiv:1112.3017 [hep-ph]</subfield>
  </datafield>
  <datafield tag="999" ind1="C" ind2="5">
    <subfield code="0">336492</subfield>
    <subfield code="h">M. Drees and M. M. Nojiri</subfield>
    <subfield code="m">[arXiv:</subfield>
    <subfield code="o">14</subfield>
    <subfield code="r">hep-ph/9207234</subfield>
    <subfield code="s">Phys.Rev.,D47,376</subfield>
    <subfield code="y">1993</subfield>
  </datafield>
  <datafield tag="999" ind1="C" ind2="5">
    <subfield code="0">398435</subfield>
    <subfield code="h">H. Baer and M. Brhlik</subfield>
    <subfield code="m">[arXiv:</subfield>
    <subfield code="o">14</subfield>
    <subfield code="r">hep-ph/9508321</subfield>
    <subfield code="s">Phys.Rev.,D53,597</subfield>
    <subfield code="y">1996</subfield>
  </datafield>
  <datafield tag="999" ind1="C" ind2="5">
    <subfield code="0">444760</subfield>
    <subfield code="m">; [arXiv:</subfield>
    <subfield code="o">14</subfield>
    <subfield code="r">hep-ph/9706509</subfield>
    <subfield code="s">Phys.Rev.,D57,567</subfield>
    <subfield code="y">1998</subfield>
  </datafield>
  <datafield tag="999" ind1="C" ind2="5">
    <subfield code="0">526824</subfield>
    <subfield code="h">H. Baer, M. Brhlik, M. A. Diaz, J. Ferrandis, P. Mercadante, P. Quintana and X. Tata</subfield>
    <subfield code="m">[arXiv:</subfield>
    <subfield code="o">14</subfield>
    <subfield code="r">hep-ph/0005027</subfield>
    <subfield code="s">Phys.Rev.,D63,015007</subfield>
    <subfield code="y">2001</subfield>
  </datafield>
  <datafield tag="999" ind1="C" ind2="5">
    <subfield code="0">552907</subfield>
    <subfield code="h">J. R. Ellis, T. Falk, G. Ganis, K. A. Olive and M. Srednicki</subfield>
    <subfield code="o">14</subfield>
    <subfield code="r">hep-ph/0102098</subfield>
    <subfield code="s">Phys.Lett.,B510,236</subfield>
    <subfield code="y">2001</subfield>
  </datafield>
  <datafield tag="999" ind1="C" ind2="5">
    <subfield code="0">361118</subfield>
    <subfield code="h">G. L. Kane, C. F. Kolda, L. Roszkowski and J. D. Wells</subfield>
    <subfield code="m">[arXiv:</subfield>
    <subfield code="o">15</subfield>
    <subfield code="r">hep-ph/9312272</subfield>
    <subfield code="s">Phys.Rev.,D49,6173</subfield>
    <subfield code="y">1994</subfield>
  </datafield>
  <datafield tag="999" ind1="C" ind2="5">
    <subfield code="0">420639</subfield>
    <subfield code="h">J. R. Ellis, T. Falk, K. A. Olive and M. Schmitt</subfield>
    <subfield code="m">[arXiv:</subfield>
    <subfield code="o">15</subfield>
    <subfield code="r">hep-ph/9607292</subfield>
    <subfield code="s">Phys.Lett.,B388,97</subfield>
    <subfield code="y">1996</subfield>
  </datafield>
  <datafield tag="999" ind1="C" ind2="5">
    <subfield code="0">443543</subfield>
    <subfield code="m">; [arXiv:</subfield>
    <subfield code="o">15</subfield>
    <subfield code="r">hep-ph/9705444</subfield>
    <subfield code="s">Phys.Lett.,B413,355</subfield>
    <subfield code="y">1997</subfield>
  </datafield>
  <datafield tag="999" ind1="C" ind2="5">
    <subfield code="0">466692</subfield>
    <subfield code="h">J. R. Ellis, T. Falk, G. Ganis, K. A. Olive and M. Schmitt</subfield>
    <subfield code="m">[arXiv:</subfield>
    <subfield code="o">15</subfield>
    <subfield code="r">hep-ph/9801445</subfield>
    <subfield code="s">Phys.Rev.,D58,095002</subfield>
    <subfield code="y">1998</subfield>
  </datafield>
  <datafield tag="999" ind1="C" ind2="5">
    <subfield code="0">442500</subfield>
    <subfield code="h">V. D. Barger and C. Kao</subfield>
    <subfield code="m">[arXiv:</subfield>
    <subfield code="o">15</subfield>
    <subfield code="r">hep-ph/9704403</subfield>
    <subfield code="s">Phys.Rev.,D57,3131</subfield>
    <subfield code="y">1998</subfield>
  </datafield>
  <datafield tag="999" ind1="C" ind2="5">
    <subfield code="0">526311</subfield>
    <subfield code="h">J. R. Ellis, T. Falk, G. Ganis and K. A. Olive</subfield>
    <subfield code="m">[arXiv:</subfield>
    <subfield code="o">15</subfield>
    <subfield code="r">hep-ph/0004169</subfield>
    <subfield code="s">Phys.Rev.,D62,075010</subfield>
    <subfield code="y">2000</subfield>
  </datafield>
  <datafield tag="999" ind1="C" ind2="5">
    <subfield code="0">559291</subfield>
    <subfield code="h">L. Roszkowski, R. Ruiz de Austri and T. Nihei</subfield>
    <subfield code="m">[arXiv:</subfield>
    <subfield code="o">15</subfield>
    <subfield code="r">hep-ph/0106334</subfield>
    <subfield code="s">JHEP,0108,024</subfield>
    <subfield code="y">2001</subfield>
  </datafield>
  <datafield tag="999" ind1="C" ind2="5">
    <subfield code="0">560870</subfield>
    <subfield code="h">A. Djouadi, M. Drees and J. L. Kneur</subfield>
    <subfield code="m">[arXiv:</subfield>
    <subfield code="o">15</subfield>
    <subfield code="r">hep-ph/0107316</subfield>
    <subfield code="s">JHEP,0108,055</subfield>
    <subfield code="y">2001</subfield>
  </datafield>
  <datafield tag="999" ind1="C" ind2="5">
    <subfield code="0">569050</subfield>
    <subfield code="h">U. Chattopadhyay, A. Corsetti and P. Nath</subfield>
    <subfield code="m">[arXiv:</subfield>
    <subfield code="o">15</subfield>
    <subfield code="r">hep-ph/0201001</subfield>
    <subfield code="s">Phys.Rev.,D66,035003</subfield>
    <subfield code="y">2002</subfield>
  </datafield>
  <datafield tag="999" ind1="C" ind2="5">
    <subfield code="0">582864</subfield>
    <subfield code="h">J. R. Ellis, K. A. Olive and Y. Santoso</subfield>
    <subfield code="m">[arXiv:</subfield>
    <subfield code="o">15</subfield>
    <subfield code="r">hep-ph/0202110</subfield>
    <subfield code="s">New J.Phys.,4,32</subfield>
    <subfield code="y">2002</subfield>
  </datafield>
  <datafield tag="999" ind1="C" ind2="5">
    <subfield code="0">587530</subfield>
    <subfield code="h">H. Baer, C. Balazs, A. Belyaev, J. K. Mizukoshi, X. Tata and Y. Wang</subfield>
    <subfield code="m">[arXiv:</subfield>
    <subfield code="o">15</subfield>
    <subfield code="r">hep-ph/0205325</subfield>
    <subfield code="s">JHEP,0207,050</subfield>
    <subfield code="y">2002</subfield>
  </datafield>
  <datafield tag="999" ind1="C" ind2="5">
    <subfield code="0">927789</subfield>
    <subfield code="h">S. S. AbdusSalam, et al.</subfield>
    <subfield code="o">16</subfield>
    <subfield code="r">arXiv:1109.3859 [hep-ph]</subfield>
    <subfield code="s">Eur.Phys.J.,C71,1835</subfield>
    <subfield code="y">2011</subfield>
  </datafield>
  <datafield tag="999" ind1="C" ind2="5">
    <subfield code="0">666140</subfield>
    <subfield code="h">H. Baer, A. Mustafayev, S. Profumo, A. Belyaev and X. Tata</subfield>
    <subfield code="m">[arXiv:</subfield>
    <subfield code="o">17</subfield>
    <subfield code="r">hep-ph/0412059</subfield>
    <subfield code="s">Phys.Rev.,D71,095008</subfield>
    <subfield code="y">2005</subfield>
  </datafield>
  <datafield tag="999" ind1="C" ind2="5">
    <subfield code="0">679508</subfield>
    <subfield code="h">H. Baer, A. Mustafayev, S. Profumo, A. Belyaev and X. Tata</subfield>
    <subfield code="o">17</subfield>
    <subfield code="r">hep-ph/0504001</subfield>
    <subfield code="s">JHEP,0507,065</subfield>
    <subfield code="y">2005</subfield>
  </datafield>
  <datafield tag="999" ind1="C" ind2="5">
    <subfield code="0">785855</subfield>
    <subfield code="h">J. R. Ellis, K. A. Olive and P. Sandick</subfield>
    <subfield code="o">17</subfield>
    <subfield code="r">arXiv:0805.2343 [hep-ph]</subfield>
    <subfield code="s">Phys.Rev.,D78,075012</subfield>
    <subfield code="y">2008</subfield>
  </datafield>
  <datafield tag="999" ind1="C" ind2="5">
    <subfield code="0">1207913</subfield>
    <subfield code="h">J. Ellis, F. Luo, K. A. Olive and P. Sandick</subfield>
    <subfield code="o">17</subfield>
    <subfield code="r">arXiv:1212.4476 [hep-ph]</subfield>
    <subfield code="s">Eur.Phys.J.,C73,2403</subfield>
    <subfield code="y">2013</subfield>
  </datafield>
  <datafield tag="999" ind1="C" ind2="5">
    <subfield code="0">642522</subfield>
    <subfield code="h">G. Bennett et al.</subfield>
    <subfield code="m">[The Muon g-2 Collaboration] [arXiv:</subfield>
    <subfield code="o">18</subfield>
    <subfield code="r">hep-ex/0401008</subfield>
    <subfield code="s">Phys.Rev.Lett.,92,161802</subfield>
    <subfield code="y">2004</subfield>
  </datafield>
  <datafield tag="999" ind1="C" ind2="5">
    <subfield code="0">710962</subfield>
    <subfield code="m">; and [arXiv:</subfield>
    <subfield code="o">18</subfield>
    <subfield code="r">hep-ex/0602035</subfield>
    <subfield code="s">Phys.Rev.,D73,072003</subfield>
    <subfield code="y">2006</subfield>
  </datafield>
  <datafield tag="999" ind1="C" ind2="5">
    <subfield code="0">726277</subfield>
    <subfield code="h">D. Stockinger</subfield>
    <subfield code="m">[arXiv:</subfield>
    <subfield code="o">19</subfield>
    <subfield code="r">hep-ph/0609168</subfield>
    <subfield code="s">J.Phys.,G34,R45</subfield>
    <subfield code="y">2007</subfield>
  </datafield>
  <datafield tag="999" ind1="C" ind2="5">
    <subfield code="0">745758</subfield>
    <subfield code="h">J. Miller, E. de Rafael and B. Roberts</subfield>
    <subfield code="m">[arXiv:</subfield>
    <subfield code="o">19</subfield>
    <subfield code="r">hep-ph/0703049</subfield>
    <subfield code="s">Rept.Prog.Phys.,70,795</subfield>
    <subfield code="y">2007</subfield>
  </datafield>
  <datafield tag="999" ind1="C" ind2="5">
    <subfield code="0">810227</subfield>
    <subfield code="h">J. Prades, E. de Rafael and A. Vainshtein</subfield>
    <subfield code="o">19</subfield>
    <subfield code="r">arXiv:0901.0306 [hep-ph]</subfield>
  </datafield>
  <datafield tag="999" ind1="C" ind2="5">
    <subfield code="0">813721</subfield>
    <subfield code="h">F. Jegerlehner and A. Nyffeler</subfield>
    <subfield code="o">19</subfield>
    <subfield code="r">arXiv:0902.3360 [hep-ph]</subfield>
    <subfield code="s">Phys.Rept.,477,1</subfield>
    <subfield code="y">2009</subfield>
  </datafield>
  <datafield tag="999" ind1="C" ind2="5">
    <subfield code="0">829787</subfield>
    <subfield code="h">M. Davier, A. Hoecker, B. Malaescu, C. Z. Yuan and Z. Zhang</subfield>
    <subfield code="o">19</subfield>
    <subfield code="r">arXiv:0908.4300 [hep-ph]</subfield>
    <subfield code="s">Eur.Phys.J.,C66,1</subfield>
    <subfield code="y">2010</subfield>
  </datafield>
  <datafield tag="999" ind1="C" ind2="5">
    <subfield code="0">831123</subfield>
    <subfield code="h">J. Prades</subfield>
    <subfield code="o">19</subfield>
    <subfield code="r">arXiv:0909.2546 [hep-ph]</subfield>
    <subfield code="s">Acta Phys.Polon.Supp.,3,75</subfield>
    <subfield code="y">2010</subfield>
  </datafield>
  <datafield tag="999" ind1="C" ind2="5">
    <subfield code="0">844213</subfield>
    <subfield code="h">K. Hagiwara, R. Liao, A. D. Martin and D. Nomura</subfield>
    <subfield code="m">T</subfield>
    <subfield code="o">19</subfield>
    <subfield code="p">Teubner</subfield>
    <subfield code="r">arXiv:1001.5401 [hep-ph]</subfield>
  </datafield>
  <datafield tag="999" ind1="C" ind2="5">
    <subfield code="0">873506</subfield>
    <subfield code="h">M. Davier, A. Hoecker, B. Malaescu and Z. Zhang</subfield>
    <subfield code="o">19</subfield>
    <subfield code="r">arXiv:1010.4180 [hep-ph]</subfield>
    <subfield code="s">Eur.Phys.J.,C71,1515</subfield>
    <subfield code="y">2011</subfield>
  </datafield>
  <datafield tag="999" ind1="C" ind2="5">
    <subfield code="0">884306</subfield>
    <subfield code="h">F. Jegerlehner and R. Szafron</subfield>
    <subfield code="o">20</subfield>
    <subfield code="r">arXiv:1101.2872 [hepph]</subfield>
    <subfield code="s">Eur.Phys.J.,C71,1632</subfield>
    <subfield code="y">2011</subfield>
  </datafield>
  <datafield tag="999" ind1="C" ind2="5">
    <subfield code="0">1193771</subfield>
    <subfield code="h">M. Benayoun, P. David, L. DelBuono and F. Jegerlehner</subfield>
    <subfield code="o">20</subfield>
    <subfield code="r">arXiv:1210.7184 [hep-ph]</subfield>
    <subfield code="s">Eur.Phys.J.,C73,2453</subfield>
    <subfield code="y">2013</subfield>
  </datafield>
  <datafield tag="999" ind1="C" ind2="5">
    <subfield code="0">940141</subfield>
    <subfield code="h">O. Buchmueller et al.</subfield>
    <subfield code="o">21</subfield>
    <subfield code="r">arXiv:1110.3568 [hep-ph]</subfield>
    <subfield code="s">Eur.Phys.J.,C72,1878</subfield>
    <subfield code="y">2012</subfield>
  </datafield>
  <datafield tag="999" ind1="C" ind2="5">
    <subfield code="0">585466</subfield>
    <subfield code="h">J. Ellis, K. Olive and Y. Santoso</subfield>
    <subfield code="m">[arXiv:</subfield>
    <subfield code="o">22</subfield>
    <subfield code="r">hep-ph/0204192</subfield>
    <subfield code="s">Phys.Lett.,B539,107</subfield>
    <subfield code="y">2002</subfield>
  </datafield>
  <datafield tag="999" ind1="C" ind2="5">
    <subfield code="0">599806</subfield>
    <subfield code="h">J. R. Ellis, T. Falk, K. A. Olive and Y. Santoso</subfield>
    <subfield code="m">[arXiv:</subfield>
    <subfield code="o">22</subfield>
    <subfield code="r">hep-ph/0210205</subfield>
    <subfield code="s">Nucl.Phys.,B652,259</subfield>
    <subfield code="y">2003</subfield>
  </datafield>
  <datafield tag="999" ind1="C" ind2="5">
    <subfield code="0">797103</subfield>
    <subfield code="h">F. Feroz, M. P. Hobson and M. Bridges</subfield>
    <subfield code="o">23</subfield>
    <subfield code="r">arXiv:0809.3437 [astro-ph]</subfield>
    <subfield code="s">Mon.Not.Roy.Astron.Soc.,398,1601</subfield>
    <subfield code="y">2009</subfield>
  </datafield>
  <datafield tag="999" ind1="C" ind2="5">
    <subfield code="0">872364</subfield>
    <subfield code="h">Group, D.</subfield>
    <subfield code="m">The Heavy Flavor Averaging Asner et al with updates available at</subfield>
    <subfield code="o">24</subfield>
    <subfield code="r">arXiv:1010.1589 [hep-ex]</subfield>
    <subfield code="u">http://www.slac.stanford.edu/xorg/hfag/osc/end2009</subfield>
  </datafield>
  <datafield tag="999" ind1="C" ind2="5">
    <subfield code="m">LEP Electroweak Working Group</subfield>
    <subfield code="o">25</subfield>
    <subfield code="u">http://lepewwg.web.cern.ch/LEPEWWG/</subfield>
  </datafield>
  <datafield tag="999" ind1="C" ind2="5">
    <subfield code="0">896231</subfield>
    <subfield code="h">E. Aprile et al.</subfield>
    <subfield code="m">[XENON100 Collaboration]</subfield>
    <subfield code="o">26</subfield>
    <subfield code="r">arXiv:1104.2549 [astro-ph.CO]</subfield>
    <subfield code="s">Phys.Rev.Lett.,107,131302</subfield>
    <subfield code="y">2011</subfield>
  </datafield>
  <datafield tag="999" ind1="C" ind2="5">
    <subfield code="0">1262678</subfield>
    <subfield code="h">D. S. Akerib et al.</subfield>
    <subfield code="m">[LUX Collaboration]</subfield>
    <subfield code="o">27</subfield>
    <subfield code="r">arXiv:1310.8214 [astro-ph.CO]</subfield>
    <subfield code="s">Phys.Rev.Lett.,112,091303</subfield>
    <subfield code="y">2014</subfield>
  </datafield>
  <datafield tag="999" ind1="C" ind2="5">
    <subfield code="0">1118740</subfield>
    <subfield code="h">N. Craig, S. Knapen, D. Shih and Y. Zhao</subfield>
    <subfield code="o">28</subfield>
    <subfield code="r">arXiv:1206.4086 [hep-ph]</subfield>
    <subfield code="s">JHEP,1303,154</subfield>
    <subfield code="y">2013</subfield>
  </datafield>
  <datafield tag="999" ind1="C" ind2="5">
    <subfield code="0">788905</subfield>
    <subfield code="h">J. R. Ellis, J. Giedt, O. Lebedev, K. Olive and M. Srednicki</subfield>
    <subfield code="o">29</subfield>
    <subfield code="r">arXiv:0806.3648 [hep-ph]</subfield>
    <subfield code="s">Phys.Rev.,D78,075006</subfield>
    <subfield code="y">2008</subfield>
  </datafield>
  <datafield tag="999" ind1="C" ind2="5">
    <subfield code="0">1124342</subfield>
    <subfield code="h">O. Buchmueller et al.</subfield>
    <subfield code="o">30</subfield>
    <subfield code="r">arXiv:1207.7315</subfield>
    <subfield code="s">Eur.Phys.J.,C72,2243</subfield>
    <subfield code="y">2012</subfield>
  </datafield>
  <datafield tag="999" ind1="C" ind2="5">
    <subfield code="m">For more information and updates, please see</subfield>
    <subfield code="o">31</subfield>
    <subfield code="u">http://cern.ch/mastercode/</subfield>
  </datafield>
  <datafield tag="999" ind1="C" ind2="5">
    <subfield code="0">714604</subfield>
    <subfield code="h">S. Heinemeyer et al.</subfield>
    <subfield code="m">[arXiv:</subfield>
    <subfield code="o">32</subfield>
    <subfield code="r">hep-ph/0604147</subfield>
    <subfield code="s">JHEP,0608,052</subfield>
    <subfield code="y">2006</subfield>
  </datafield>
  <datafield tag="999" ind1="C" ind2="5">
    <subfield code="0">764292</subfield>
    <subfield code="h">S. Heinemeyer, W. Hollik, A. M. Weber and G. Weiglein</subfield>
    <subfield code="o">32</subfield>
    <subfield code="r">arXiv:0710.2972 [hep-ph]</subfield>
    <subfield code="s">JHEP,0804,039</subfield>
    <subfield code="y">2008</subfield>
  </datafield>
  <datafield tag="999" ind1="C" ind2="5">
    <subfield code="0">555481</subfield>
    <subfield code="h">B. C. Allanach</subfield>
    <subfield code="m">[arXiv:</subfield>
    <subfield code="o">33</subfield>
    <subfield code="r">hep-ph/0104145</subfield>
    <subfield code="s">Comput.Phys.Commun.,143,305</subfield>
    <subfield code="y">2002</subfield>
  </datafield>
  <datafield tag="999" ind1="C" ind2="5">
    <subfield code="0">603444</subfield>
    <subfield code="h">G. Degrassi, S. Heinemeyer, W. Hollik, P. Slavich and G. Weiglein</subfield>
    <subfield code="m">[arXiv:</subfield>
    <subfield code="o">34</subfield>
    <subfield code="r">hep-ph/0212020</subfield>
    <subfield code="s">Eur.Phys.J.,C28,133</subfield>
    <subfield code="y">2003</subfield>
  </datafield>
  <datafield tag="999" ind1="C" ind2="5">
    <subfield code="0">481381</subfield>
    <subfield code="h">S. Heinemeyer, W. Hollik and G. Weiglein</subfield>
    <subfield code="m">[arXiv:</subfield>
    <subfield code="o">34</subfield>
    <subfield code="r">hep-ph/9812472</subfield>
    <subfield code="s">Eur.Phys.J.,C9,343</subfield>
    <subfield code="y">1999</subfield>
  </datafield>
  <datafield tag="999" ind1="C" ind2="5">
    <subfield code="0">480747</subfield>
    <subfield code="h">S. Heinemeyer, W. Hollik and G. Weiglein</subfield>
    <subfield code="m">[arXiv:</subfield>
    <subfield code="o">34</subfield>
    <subfield code="r">hep-ph/9812320</subfield>
    <subfield code="s">Comput.Phys.Commun.,124,76</subfield>
    <subfield code="y">2000</subfield>
  </datafield>
  <datafield tag="999" ind1="C" ind2="5">
    <subfield code="0">732745</subfield>
    <subfield code="h">M. Frank et al.</subfield>
    <subfield code="m">[arXiv:</subfield>
    <subfield code="o">34</subfield>
    <subfield code="r">hep-ph/0611326</subfield>
    <subfield code="s">JHEP,0702,047</subfield>
    <subfield code="y">2007</subfield>
  </datafield>
  <datafield tag="999" ind1="C" ind2="5">
    <subfield code="m">See</subfield>
    <subfield code="o">34</subfield>
    <subfield code="u">http://www.feynhiggs.de</subfield>
  </datafield>
  <datafield tag="999" ind1="C" ind2="5">
    <subfield code="0">1269753</subfield>
    <subfield code="h">T. Hahn, S. Heinemeyer, W. Hollik, H. Rzehak and G. Weiglein</subfield>
    <subfield code="o">35</subfield>
    <subfield code="r">arXiv:1312.4937 [hep-ph]</subfield>
    <subfield code="s">Phys.Rev.Lett.,112,141801</subfield>
    <subfield code="y">2014</subfield>
  </datafield>
  <datafield tag="999" ind1="C" ind2="5">
    <subfield code="0">715639</subfield>
    <subfield code="h">G. Isidori and P. Paradisi</subfield>
    <subfield code="m">[arXiv:</subfield>
    <subfield code="o">36</subfield>
    <subfield code="r">hep-ph/0605012</subfield>
    <subfield code="s">Phys.Lett.,B639,499</subfield>
    <subfield code="y">2006</subfield>
  </datafield>
  <datafield tag="999" ind1="C" ind2="5">
    <subfield code="0">745744</subfield>
    <subfield code="h">G. Isidori, F. Mescia, P. Paradisi and D. Temes</subfield>
    <subfield code="m">[arXiv: and references therein</subfield>
    <subfield code="o">36</subfield>
    <subfield code="r">hep-ph/0703035</subfield>
    <subfield code="s">Phys.Rev.,D75,115019</subfield>
    <subfield code="y">2007</subfield>
  </datafield>
  <datafield tag="999" ind1="C" ind2="5">
    <subfield code="0">763828</subfield>
    <subfield code="h">F. Mahmoudi</subfield>
    <subfield code="o">37</subfield>
    <subfield code="r">arXiv:0710.2067 [hep-ph]</subfield>
    <subfield code="s">Comput.Phys.Commun.,178,745</subfield>
    <subfield code="y">2008</subfield>
  </datafield>
  <datafield tag="999" ind1="C" ind2="5">
    <subfield code="0">793658</subfield>
    <subfield code="m">;</subfield>
    <subfield code="o">37</subfield>
    <subfield code="r">arXiv:0808.3144 [hep-ph]</subfield>
    <subfield code="s">Comput.Phys.Commun.,180,1579</subfield>
    <subfield code="y">2009</subfield>
  </datafield>
  <datafield tag="999" ind1="C" ind2="5">
    <subfield code="0">793814</subfield>
    <subfield code="h">D. Eriksson, F. Mahmoudi and O. Stal</subfield>
    <subfield code="o">37</subfield>
    <subfield code="r">arXiv:0808.3551 [hep-ph]</subfield>
    <subfield code="s">JHEP,0811,035</subfield>
    <subfield code="y">2008</subfield>
  </datafield>
  <datafield tag="999" ind1="C" ind2="5">
    <subfield code="0">720876</subfield>
    <subfield code="h">G. Belanger, F. Boudjema, A. Pukhov and A. Semenov</subfield>
    <subfield code="m">[arXiv:</subfield>
    <subfield code="o">38</subfield>
    <subfield code="r">hep-ph/0607059</subfield>
    <subfield code="s">Comput.Phys.Commun.,176,367</subfield>
    <subfield code="y">2007</subfield>
  </datafield>
  <datafield tag="999" ind1="C" ind2="5">
    <subfield code="0">568757</subfield>
    <subfield code="m">; [arXiv:</subfield>
    <subfield code="o">38</subfield>
    <subfield code="r">hep-ph/0112278</subfield>
    <subfield code="s">Comput.Phys.Commun.,149,103</subfield>
    <subfield code="y">2002</subfield>
  </datafield>
  <datafield tag="999" ind1="C" ind2="5">
    <subfield code="0">650992</subfield>
    <subfield code="m">; [arXiv:</subfield>
    <subfield code="o">38</subfield>
    <subfield code="r">hep-ph/0405253</subfield>
    <subfield code="s">Comput.Phys.Commun.,174,577</subfield>
    <subfield code="y">2006</subfield>
  </datafield>
  <datafield tag="999" ind1="C" ind2="5">
    <subfield code="h">K. A. Olive</subfield>
    <subfield code="m">Information about this code is available from : it contains important contributions from T. Falk, A. Ferstl, G. Ganis, A. Mustafayev, J. McDonald, F. Luo, K. A. Olive, P. Sandick, Y. Santoso, V. Spanos, and M. Srednicki</subfield>
    <subfield code="o">39</subfield>
  </datafield>
  <datafield tag="999" ind1="C" ind2="5">
    <subfield code="0">632863</subfield>
    <subfield code="h">P. Skands et al.</subfield>
    <subfield code="m">[arXiv:</subfield>
    <subfield code="o">40</subfield>
    <subfield code="r">hep-ph/0311123</subfield>
    <subfield code="s">JHEP,0407,036</subfield>
    <subfield code="y">2004</subfield>
  </datafield>
  <datafield tag="999" ind1="C" ind2="5">
    <subfield code="0">777216</subfield>
    <subfield code="h">B. Allanach et al.</subfield>
    <subfield code="o">40</subfield>
    <subfield code="r">arXiv:0801.0045 [hep-ph]</subfield>
    <subfield code="s">Comput.Phys.Commun.,180,8</subfield>
    <subfield code="y">2009</subfield>
  </datafield>
  <datafield tag="999" ind1="C" ind2="5">
    <subfield code="0">1272715</subfield>
    <subfield code="h">O. Buchmueller et al.</subfield>
    <subfield code="o">41</subfield>
    <subfield code="r">arXiv:1312.5233 [hep-ph]</subfield>
    <subfield code="s">Eur.Phys.J.,C74,2809</subfield>
    <subfield code="y">2014</subfield>
  </datafield>
  <datafield tag="999" ind1="C" ind2="5">
    <subfield code="h">S. Ovyn and X. Rouby</subfield>
    <subfield code="m">For a description of Delphes, written by see</subfield>
    <subfield code="o">42</subfield>
    <subfield code="u">http://www.fynu.ucl.ac.be/users/s.ovyn/Delphes/index.html</subfield>
  </datafield>
  <datafield tag="999" ind1="C" ind2="5">
    <subfield code="0">700563</subfield>
    <subfield code="h">J. L. Feng, A. Rajaraman and B. T. Smith</subfield>
    <subfield code="m">[arXiv:</subfield>
    <subfield code="o">43</subfield>
    <subfield code="r">hep-ph/0512172</subfield>
    <subfield code="s">Phys.Rev.,D74,015013</subfield>
    <subfield code="y">2006</subfield>
  </datafield>
  <datafield tag="999" ind1="C" ind2="5">
    <subfield code="0">734973</subfield>
    <subfield code="h">A. Rajaraman and B. T. Smith</subfield>
    <subfield code="m">[arXiv:</subfield>
    <subfield code="o">43</subfield>
    <subfield code="r">hep-ph/0612235</subfield>
    <subfield code="s">Phys.Rev.,D75,115015</subfield>
    <subfield code="y">2007</subfield>
  </datafield>
  <datafield tag="999" ind1="C" ind2="5">
    <subfield code="0">883771</subfield>
    <subfield code="c">CMS Collaboration</subfield>
    <subfield code="h">V. Khachatryan et al.</subfield>
    <subfield code="o">44</subfield>
    <subfield code="r">arXiv:1101.1628 [hep-ex]</subfield>
    <subfield code="s">Phys.Lett.,B698,196</subfield>
    <subfield code="y">2011</subfield>
  </datafield>
  <datafield tag="999" ind1="C" ind2="5">
    <subfield code="0">1204286</subfield>
    <subfield code="c">ATLAS Collaboration</subfield>
    <subfield code="m">files/ pdf</subfield>
    <subfield code="o">45</subfield>
    <subfield code="r">ATLAS-CONF-2012-033</subfield>
    <subfield code="u">https://cdsweb.cern.ch/record/1432199/</subfield>
  </datafield>
  <datafield tag="999" ind1="C" ind2="5">
    <subfield code="0">1307317</subfield>
    <subfield code="c">ATLAS Collaboration</subfield>
    <subfield code="c">CMS Collaboration</subfield>
    <subfield code="h">V. Khachatryan et al.</subfield>
    <subfield code="m">files/ pdf. See also</subfield>
    <subfield code="o">46</subfield>
    <subfield code="r">ATLAS-CONF-2014-049</subfield>
    <subfield code="u">https://cds.cern.ch/record/1744694/</subfield>
  </datafield>
  <datafield tag="999" ind1="C" ind2="5">
    <subfield code="0">1310838</subfield>
    <subfield code="o">46</subfield>
    <subfield code="r">arXiv:1408.3316 [hep-ex]</subfield>
  </datafield>
  <datafield tag="999" ind1="C" ind2="5">
    <subfield code="0">360437</subfield>
    <subfield code="h">S. P. Martin and M. T. Vaughn</subfield>
    <subfield code="m">[arXiv:</subfield>
    <subfield code="o">47</subfield>
    <subfield code="r">hep-ph/9311340</subfield>
    <subfield code="s">Phys.Rev.,D50,2282</subfield>
    <subfield code="y">1994</subfield>
  </datafield>
  <datafield tag="999" ind1="C" ind2="5">
    <subfield code="0">177826</subfield>
    <subfield code="h">K. Inoue, A. Kakuto, H. Komatsu and S. Takeshita</subfield>
    <subfield code="o">48</subfield>
    <subfield code="s">Prog.Theor.Phys.,68,927</subfield>
    <subfield code="s">Prog.Theor.Phys.,70,330</subfield>
    <subfield code="y">1982</subfield>
  </datafield>
  <datafield tag="999" ind1="C" ind2="5">
    <subfield code="0">495380</subfield>
    <subfield code="h">T. Falk</subfield>
    <subfield code="m">[arXiv:</subfield>
    <subfield code="o">48</subfield>
    <subfield code="r">hep-ph/9902352</subfield>
    <subfield code="s">Phys.Lett.,B456,171</subfield>
    <subfield code="y">1999</subfield>
  </datafield>
  <datafield tag="999" ind1="C" ind2="5">
    <subfield code="0">477873</subfield>
    <subfield code="h">J. Ellis, T. Falk, and K.A. Olive</subfield>
    <subfield code="m">[arXiv:</subfield>
    <subfield code="o">49</subfield>
    <subfield code="r">hep-ph/9810360</subfield>
    <subfield code="s">Phys.Lett.,B444,367</subfield>
    <subfield code="y">1998</subfield>
  </datafield>
  <datafield tag="999" ind1="C" ind2="5">
    <subfield code="0">500635</subfield>
    <subfield code="h">J. Ellis, T. Falk, K.A. Olive, and M. Srednicki</subfield>
    <subfield code="m">Astr. Part. Phys. 13 (2000) 181 [Erratum [arXiv:</subfield>
    <subfield code="o">49</subfield>
    <subfield code="r">hep-ph/9905481</subfield>
    <subfield code="s">Phys.Lett.,B15,413</subfield>
    <subfield code="y">2001</subfield>
  </datafield>
  <datafield tag="999" ind1="C" ind2="5">
    <subfield code="0">553108</subfield>
    <subfield code="h">R. Arnowitt, B. Dutta and Y. Santoso</subfield>
    <subfield code="m">[arXiv:</subfield>
    <subfield code="o">49</subfield>
    <subfield code="r">hep-ph/0102181</subfield>
    <subfield code="s">Nucl.Phys.,B606,59</subfield>
    <subfield code="y">2001</subfield>
  </datafield>
  <datafield tag="999" ind1="C" ind2="5">
    <subfield code="0">503234</subfield>
    <subfield code="h">M. E. Gómez, G. Lazarides and C. Pallis</subfield>
    <subfield code="m">[arXiv:</subfield>
    <subfield code="o">49</subfield>
    <subfield code="r">hep-ph/9907261</subfield>
    <subfield code="s">Phys.Rev.,D61,123512</subfield>
    <subfield code="y">2000</subfield>
  </datafield>
  <datafield tag="999" ind1="C" ind2="5">
    <subfield code="0">525775</subfield>
    <subfield code="m">; [arXiv:</subfield>
    <subfield code="o">49</subfield>
    <subfield code="r">hep-ph/0004028</subfield>
    <subfield code="s">Phys.Lett.,B487,313</subfield>
    <subfield code="y">2000</subfield>
  </datafield>
  <datafield tag="999" ind1="C" ind2="5">
    <subfield code="0">584107</subfield>
    <subfield code="m">; [arXiv:</subfield>
    <subfield code="o">49</subfield>
    <subfield code="r">hep-ph/0203131</subfield>
    <subfield code="s">Nucl.Phys.,B638,165</subfield>
    <subfield code="y">2002</subfield>
  </datafield>
  <datafield tag="999" ind1="C" ind2="5">
    <subfield code="0">589295</subfield>
    <subfield code="h">T. Nihei, L. Roszkowski and R. Ruiz de Austri</subfield>
    <subfield code="m">[arXiv:</subfield>
    <subfield code="o">49</subfield>
    <subfield code="r">hep-ph/0206266</subfield>
    <subfield code="s">JHEP,0207,024</subfield>
    <subfield code="y">2002</subfield>
  </datafield>
  <datafield tag="999" ind1="C" ind2="5">
    <subfield code="0">1207067</subfield>
    <subfield code="h">M. Citron, J. Ellis, F. Luo, J. Marrouche, K. A. Olive and K. J. de Vries</subfield>
    <subfield code="o">49</subfield>
    <subfield code="r">arXiv:1212.2886 [hep-ph]</subfield>
    <subfield code="s">Phys.Rev.,D87,036012</subfield>
    <subfield code="y">2013</subfield>
  </datafield>
  <datafield tag="999" ind1="C" ind2="5">
    <subfield code="0">611667</subfield>
    <subfield code="h">J. Edsjo, M. Schelke, P. Ullio and P. Gondolo</subfield>
    <subfield code="o">50</subfield>
    <subfield code="r">hep-ph/0301106</subfield>
    <subfield code="s">JCAP,0304,001</subfield>
    <subfield code="y">2003</subfield>
  </datafield>
  <datafield tag="999" ind1="C" ind2="5">
    <subfield code="0">337458</subfield>
    <subfield code="h">S. Mizuta and M. Yamaguchi</subfield>
    <subfield code="m">[arXiv:</subfield>
    <subfield code="o">51</subfield>
    <subfield code="r">hep-ph/9208251</subfield>
    <subfield code="s">Phys.Lett.,B298,120</subfield>
    <subfield code="y">1993</subfield>
  </datafield>
  <datafield tag="999" ind1="C" ind2="5">
    <subfield code="0">442326</subfield>
    <subfield code="h">J. Edsjo and P. Gondolo</subfield>
    <subfield code="o">51</subfield>
    <subfield code="r">hep-ph/9704361</subfield>
    <subfield code="s">Phys.Rev.,D56,1879</subfield>
    <subfield code="y">1997</subfield>
  </datafield>
  <datafield tag="999" ind1="C" ind2="5">
    <subfield code="0">582738</subfield>
    <subfield code="h">H. Baer, C. Balazs and A. Belyaev</subfield>
    <subfield code="o">51</subfield>
    <subfield code="r">hep-ph/0202076</subfield>
    <subfield code="s">JHEP,0203,042</subfield>
    <subfield code="y">2002</subfield>
  </datafield>
  <datafield tag="999" ind1="C" ind2="5">
    <subfield code="0">598609</subfield>
    <subfield code="h">A. Birkedal-Hansen</subfield>
    <subfield code="m">and E. h. Jeong</subfield>
    <subfield code="o">51</subfield>
    <subfield code="r">hep-ph/0210041</subfield>
    <subfield code="s">JHEP,0302,047</subfield>
    <subfield code="y">2003</subfield>
  </datafield>
  <datafield tag="999" ind1="C" ind2="5">
    <subfield code="0">510788</subfield>
    <subfield code="h">C. Boehm, A. Djouadi and M. Drees</subfield>
    <subfield code="m">[arXiv:</subfield>
    <subfield code="o">52</subfield>
    <subfield code="r">hep-ph/9911496</subfield>
    <subfield code="s">Phys.Rev.,D62,035012</subfield>
    <subfield code="y">2000</subfield>
  </datafield>
  <datafield tag="999" ind1="C" ind2="5">
    <subfield code="0">567926</subfield>
    <subfield code="h">J. R. Ellis, K. A. Olive and Y. Santoso</subfield>
    <subfield code="m">[arXiv:</subfield>
    <subfield code="o">52</subfield>
    <subfield code="r">hep-ph/0112113</subfield>
    <subfield code="s">Astropart.Phys.,18,395</subfield>
    <subfield code="y">2003</subfield>
  </datafield>
  <datafield tag="999" ind1="C" ind2="5">
    <subfield code="0">743345</subfield>
    <subfield code="h">J. L. DiazCruz, J. R. Ellis, K. A. Olive and Y. Santoso</subfield>
    <subfield code="m">[arXiv:</subfield>
    <subfield code="o">52</subfield>
    <subfield code="r">hep-ph/0701229</subfield>
    <subfield code="s">JHEP,0705,003</subfield>
    <subfield code="y">2007</subfield>
  </datafield>
  <datafield tag="999" ind1="C" ind2="5">
    <subfield code="0">896755</subfield>
    <subfield code="h">I. Gogoladze, S. Raza and Q. Shafi</subfield>
    <subfield code="o">52</subfield>
    <subfield code="r">arXiv:1104.3566 [hep-ph]</subfield>
    <subfield code="s">Phys.Lett.,B706,345</subfield>
    <subfield code="y">2012</subfield>
  </datafield>
  <datafield tag="999" ind1="C" ind2="5">
    <subfield code="0">946686</subfield>
    <subfield code="h">M. A. Ajaib, T. Li and Q. Shafi</subfield>
    <subfield code="o">52</subfield>
    <subfield code="r">arXiv:1111.4467 [hep-ph]</subfield>
    <subfield code="s">Phys.Rev.,D85,055021</subfield>
    <subfield code="y">2012</subfield>
  </datafield>
  <datafield tag="999" ind1="C" ind2="5">
    <subfield code="0">1291558</subfield>
    <subfield code="h">J. Ellis, K. A. Olive and J. Zheng</subfield>
    <subfield code="o">52</subfield>
    <subfield code="r">arXiv:1404.5571 [hep-ph]</subfield>
  </datafield>
  <datafield tag="999" ind1="C" ind2="5">
    <subfield code="0">505289</subfield>
    <subfield code="h">J. L. Feng, K. T. Matchev and T. Moroi</subfield>
    <subfield code="m">[arXiv:</subfield>
    <subfield code="o">53</subfield>
    <subfield code="r">hep-ph/9908309</subfield>
    <subfield code="s">Phys.Rev.Lett.,84,2322</subfield>
    <subfield code="y">2000</subfield>
  </datafield>
  <datafield tag="999" ind1="C" ind2="5">
    <subfield code="0">507080</subfield>
    <subfield code="m">; [arXiv:</subfield>
    <subfield code="o">53</subfield>
    <subfield code="r">hep-ph/9909334</subfield>
    <subfield code="s">Phys.Rev.,D61,075005</subfield>
    <subfield code="y">2000</subfield>
  </datafield>
  <datafield tag="999" ind1="C" ind2="5">
    <subfield code="0">525851</subfield>
    <subfield code="h">J. L. Feng, K. T. Matchev and F. Wilczek</subfield>
    <subfield code="m">[arXiv:</subfield>
    <subfield code="o">53</subfield>
    <subfield code="r">hep-ph/0004043</subfield>
    <subfield code="s">Phys.Lett.,B482,388</subfield>
    <subfield code="y">2000</subfield>
  </datafield>
  <datafield tag="999" ind1="C" ind2="5">
    <subfield code="0">1262767</subfield>
    <subfield code="h">P. Cushman et al.</subfield>
    <subfield code="o">54</subfield>
    <subfield code="r">arXiv:1310.8327 [hep-ex]</subfield>
  </datafield>
  <datafield tag="999" ind1="C" ind2="5">
    <subfield code="0">804344</subfield>
    <subfield code="h">C. F. Berger, J. S. Gainer, J. L. Hewett and T. G. Rizzo</subfield>
    <subfield code="m">See, for example</subfield>
    <subfield code="o">55</subfield>
    <subfield code="r">arXiv:0812.0980 [hepph]</subfield>
    <subfield code="s">JHEP,0902,023</subfield>
    <subfield code="y">2009</subfield>
  </datafield>
  <datafield tag="999" ind1="C" ind2="5">
    <subfield code="0">818110</subfield>
    <subfield code="h">S. S. AbdusSalam, B. C. Allanach, F. Quevedo, F. Feroz and M. Hobson</subfield>
    <subfield code="o">55</subfield>
    <subfield code="r">arXiv:0904.2548 [hep-ph]</subfield>
    <subfield code="s">Phys.Rev.,D81,095012</subfield>
    <subfield code="y">2010</subfield>
  </datafield>
  <datafield tag="999" ind1="C" ind2="5">
    <subfield code="0">867421</subfield>
    <subfield code="h">J. A. Conley, J. S. Gainer, J. L. Hewett, M. P. Le and T. G. Rizzo</subfield>
    <subfield code="o">55</subfield>
    <subfield code="r">arXiv:1009.2539 [hep-ph]</subfield>
    <subfield code="s">Eur.Phys.J.,C71,1697</subfield>
    <subfield code="y">2011</subfield>
  </datafield>
  <datafield tag="999" ind1="C" ind2="5">
    <subfield code="0">891874</subfield>
    <subfield code="h">J. A. Conley, J. S. Gainer, J. L. Hewett, M. P. Le and T. G. Rizzo</subfield>
    <subfield code="o">55</subfield>
    <subfield code="r">arXiv:1103.1697 [hep-ph]</subfield>
  </datafield>
  <datafield tag="999" ind1="C" ind2="5">
    <subfield code="0">928288</subfield>
    <subfield code="h">S. Sekmen, S. Kraml, J. Lykken, F. Moortgat, S. Padhi, L. Pape, M. Pierini and H. B. Prosper et al.</subfield>
    <subfield code="o">55</subfield>
    <subfield code="r">arXiv:1109.5119 [hep-ph]</subfield>
    <subfield code="s">JHEP,1202,075</subfield>
    <subfield code="y">2012</subfield>
  </datafield>
  <datafield tag="999" ind1="C" ind2="5">
    <subfield code="0">940146</subfield>
    <subfield code="h">A. Arbey, M. Battaglia and F. Mahmoudi</subfield>
    <subfield code="o">55</subfield>
    <subfield code="r">arXiv:1110.3726 [hepph]</subfield>
    <subfield code="s">Eur.Phys.J.,C72,1847</subfield>
    <subfield code="y">2012</subfield>
  </datafield>
  <datafield tag="999" ind1="C" ind2="5">
    <subfield code="0">1203008</subfield>
    <subfield code="h">A. Arbey, M. Battaglia, A. Djouadi and F. Mahmoudi</subfield>
    <subfield code="o">55</subfield>
    <subfield code="r">arXiv:1211.4004 [hep-ph]</subfield>
    <subfield code="s">Phys.Lett.,B720,153</subfield>
    <subfield code="y">2013</subfield>
  </datafield>
  <datafield tag="999" ind1="C" ind2="5">
    <subfield code="0">1201943</subfield>
    <subfield code="h">M. W. CahillRowley, J. L. Hewett, A. Ismail and T. G. Rizzo</subfield>
    <subfield code="m">035002</subfield>
    <subfield code="o">55</subfield>
    <subfield code="r">arXiv:1211.1981 [hep-ph]</subfield>
    <subfield code="s">Phys.Rev.,D88,3</subfield>
    <subfield code="y">2013</subfield>
  </datafield>
</record>