
<record>
  <controlfield tag="001">1310384</controlfield>
  <controlfield tag="005">20140926201622.0</controlfield>
  <datafield tag="035" ind1=" " ind2=" ">
    <subfield code="9">INSPIRETeX</subfield>
    <subfield code="a">Ellis:2014kla</subfield>
  </datafield>
  <datafield tag="035" ind1=" " ind2=" ">
    <subfield code="9">arXiv</subfield>
    <subfield code="a">oai:arXiv.org:1408.1961</subfield>
  </datafield>
  <datafield tag="037" ind1=" " ind2=" ">
    <subfield code="a">MCTP-14-26</subfield>
  </datafield>
  <datafield tag="037" ind1=" " ind2=" ">
    <subfield code="9">arXiv</subfield>
    <subfield code="a">arXiv:1408.1961</subfield>
    <subfield code="c">hep-ph</subfield>
  </datafield>
  <datafield tag="100" ind1=" " ind2=" ">
    <subfield code="a">Ellis, Sebastian A. R.</subfield>
    <subfield code="u">Michigan U.</subfield>
    <subfield code="u">Michigan U., MCTP</subfield>
  </datafield>
  <datafield tag="245" ind1=" " ind2=" ">
    <subfield code="9">arXiv</subfield>
    <subfield code="a">Superpartners at LHC and Future Colliders: Predictions from Constrained Compactified M-Theory</subfield>
  </datafield>
  <datafield tag="246" ind1=" " ind2=" ">
    <subfield code="9">arXiv</subfield>
    <subfield code="a">Superpartners at LHC and Future Colliders: Predictions from Constrained Compactified M-Theory</subfield>
  </datafield>
  <datafield tag="269" ind1=" " ind2=" ">
    <subfield code="c">2014-08-08</subfield>
  </datafield>
  <datafield tag="300" ind1=" " ind2=" ">
    <subfield code="a">19</subfield>
  </datafield>
  <datafield tag="500" ind1=" " ind2=" ">
    <subfield code="9">arXiv</subfield>
    <subfield code="a">19 pages, 4 figures</subfield>
  </datafield>
  <datafield tag="520" ind1=" " ind2=" ">
    <subfield code="9">arXiv</subfield>
    <subfield code="a">We study a realistic top-down M-theory compactification with low-scale effective Supersymmetry, consistent with phenomenological constraints. A combination of top-down and generic phenomenological constraints fix the spectrum. The gluino mass is predicted to be about 1.5 TeV. Three and only three superpartner channels, $\tilde{g} \tilde{g}$, $\chi_2^0 \chi_1^\pm$ and $\chi_1^+ \chi_1^-$ (where $\chi_2^0, \chi_1^\pm$ are Wino-like), are expected to be observable at LHC-14. We also investigate the prospects of finding heavy squarks and Higgsinos at future colliders. Gluino-stop-top, gluino-sbottom-bottom associated production and first generation squark associated production should be observable at a 100 TeV collider, along with direct production of heavy Higgsinos. Within this framework the discovery of a single sparticle is sufficient to determine uniquely the SUSY spectrum, yielding a number of concrete testable predictions for LHC-14 and future colliders, and determination of $M_{3/2}$ and thereby other fundamental quantities.</subfield>
  </datafield>
  <datafield tag="540" ind1=" " ind2=" ">
    <subfield code="b">arXiv</subfield>
    <subfield code="u">http://arxiv.org/licenses/nonexclusive-distrib/1.0/</subfield>
  </datafield>
  <datafield tag="541" ind1=" " ind2=" ">
    <subfield code="a">arxiv</subfield>
    <subfield code="c">OAI</subfield>
  </datafield>
  <datafield tag="595" ind1=" " ind2="D">
    <subfield code="a">F</subfield>
    <subfield code="d">2014-08-21</subfield>
    <subfield code="s">abs</subfield>
  </datafield>
  <datafield tag="650" ind1="1" ind2="7">
    <subfield code="2">arXiv</subfield>
    <subfield code="a">hep-ph</subfield>
  </datafield>
  <datafield tag="650" ind1="1" ind2="7">
    <subfield code="2">INSPIRE</subfield>
    <subfield code="a">Phenomenology-HEP</subfield>
  </datafield>
  <datafield tag="650" ind1="1" ind2="7">
    <subfield code="2">arXiv</subfield>
    <subfield code="a">hep-ex</subfield>
  </datafield>
  <datafield tag="650" ind1="1" ind2="7">
    <subfield code="2">INSPIRE</subfield>
    <subfield code="a">Experiment-HEP</subfield>
  </datafield>
  <datafield tag="650" ind1="1" ind2="7">
    <subfield code="2">arXiv</subfield>
    <subfield code="a">hep-th</subfield>
  </datafield>
  <datafield tag="650" ind1="1" ind2="7">
    <subfield code="2">INSPIRE</subfield>
    <subfield code="a">Theory-HEP</subfield>
  </datafield>
  <datafield tag="695" ind1=" " ind2=" ">
    <subfield code="2">INSPIRE</subfield>
    <subfield code="a">* Automatic Keywords *</subfield>
  </datafield>
  <datafield tag="695" ind1=" " ind2=" ">
    <subfield code="2">INSPIRE</subfield>
    <subfield code="9">bibclassify</subfield>
    <subfield code="a">squark: associated production</subfield>
  </datafield>
  <datafield tag="695" ind1=" " ind2=" ">
    <subfield code="2">INSPIRE</subfield>
    <subfield code="9">bibclassify</subfield>
    <subfield code="a">Higgsino: heavy</subfield>
  </datafield>
  <datafield tag="695" ind1=" " ind2=" ">
    <subfield code="2">INSPIRE</subfield>
    <subfield code="9">bibclassify</subfield>
    <subfield code="a">squark: heavy</subfield>
  </datafield>
  <datafield tag="695" ind1=" " ind2=" ">
    <subfield code="2">INSPIRE</subfield>
    <subfield code="9">bibclassify</subfield>
    <subfield code="a">M-theory: compactification</subfield>
  </datafield>
  <datafield tag="695" ind1=" " ind2=" ">
    <subfield code="2">INSPIRE</subfield>
    <subfield code="9">bibclassify</subfield>
    <subfield code="a">gluino: mass</subfield>
  </datafield>
  <datafield tag="695" ind1=" " ind2=" ">
    <subfield code="2">INSPIRE</subfield>
    <subfield code="9">bibclassify</subfield>
    <subfield code="a">sparticle</subfield>
  </datafield>
  <datafield tag="695" ind1=" " ind2=" ">
    <subfield code="2">INSPIRE</subfield>
    <subfield code="9">bibclassify</subfield>
    <subfield code="a">supersymmetry</subfield>
  </datafield>
  <datafield tag="695" ind1=" " ind2=" ">
    <subfield code="2">INSPIRE</subfield>
    <subfield code="9">bibclassify</subfield>
    <subfield code="a">direct production</subfield>
  </datafield>
  <datafield tag="695" ind1=" " ind2=" ">
    <subfield code="2">INSPIRE</subfield>
    <subfield code="9">bibclassify</subfield>
    <subfield code="a">CERN LHC Coll</subfield>
  </datafield>
  <datafield tag="700" ind1=" " ind2=" ">
    <subfield code="a">Kane, Gordon L.</subfield>
    <subfield code="u">Michigan U.</subfield>
    <subfield code="u">Michigan U., MCTP</subfield>
  </datafield>
  <datafield tag="700" ind1=" " ind2=" ">
    <subfield code="a">Zheng, Bob</subfield>
    <subfield code="u">Michigan U.</subfield>
    <subfield code="u">Michigan U., MCTP</subfield>
  </datafield>
  <datafield tag="856" ind1="4" ind2=" ">
    <subfield code="s">10269</subfield>
    <subfield code="u">http://inspirehep.net/record/1310384/files/TopStopGo.png</subfield>
    <subfield code="y">00004 Dominant Feynman graph for stop associated production by gluon splitting.</subfield>
  </datafield>
  <datafield tag="856" ind1="4" ind2=" ">
    <subfield code="s">13340</subfield>
    <subfield code="u">http://inspirehep.net/record/1310384/files/Fig1b.png</subfield>
    <subfield code="y">00001 {\bf Upper Figure}: The dark gray surface shows the slice of $M_{3/2}, c, \mu/M_{3/2}$ parameter space which satisfies EWSB, while red points also satisfy the Higgs mass constraint $M_h = 125.2 \pm 0.4$ GeV. The blue shaded region corresponds to points which are inconsistent with $\mu/M_{3/2} \lesssim 0.1$; see the Appendix for further discussion. In these plots, $\mu$ is defined at the renormalization scale $Q^2 = m_{\tilde{t}_1} m_{\tilde{t}_2}$. The mesh lines are added for perspective, and do not have any physical significance.\\ {\bf Lower Figure}: A projection of the upper figure onto the $M_{3/2}- \mu/M_{3/2}$ plane.</subfield>
  </datafield>
  <datafield tag="856" ind1="4" ind2=" ">
    <subfield code="s">15549</subfield>
    <subfield code="u">http://inspirehep.net/record/1310384/files/Fig2.png</subfield>
    <subfield code="y">00002 Gluino mass vs $M_{3/2}$ for points which satisfy EWSB and Higgs mass constraints, i.e. the red points in Figure \ref{Fig1}.</subfield>
  </datafield>
  <datafield tag="856" ind1="4" ind2=" ">
    <subfield code="s">46192</subfield>
    <subfield code="u">http://inspirehep.net/record/1310384/files/Fig1.png</subfield>
    <subfield code="y">00000 {\bf Upper Figure}: The dark gray surface shows the slice of $M_{3/2}, c, \mu/M_{3/2}$ parameter space which satisfies EWSB, while red points also satisfy the Higgs mass constraint $M_h = 125.2 \pm 0.4$ GeV. The blue shaded region corresponds to points which are inconsistent with $\mu/M_{3/2} \lesssim 0.1$; see the Appendix for further discussion. In these plots, $\mu$ is defined at the renormalization scale $Q^2 = m_{\tilde{t}_1} m_{\tilde{t}_2}$. The mesh lines are added for perspective, and do not have any physical significance.\\ {\bf Lower Figure}: A projection of the upper figure onto the $M_{3/2}- \mu/M_{3/2}$ plane.</subfield>
  </datafield>
  <datafield tag="856" ind1="4" ind2=" ">
    <subfield code="s">75831</subfield>
    <subfield code="u">http://inspirehep.net/record/1310384/files/SpectrumVHELHC.png</subfield>
    <subfield code="y">00003 Spectrum given GUT scale input values calculated from the theory for the central value $M_{3/2}=35 \TeV$. This spectrum has the GUT scale inputs $m_0 \approx 24$ TeV and $A_0 \approx 25$ TeV, where $m_0$ and $A_0$ are respectively the universal scalar mass and soft-breaking trilinear. The GUT scale gaugino masses are $M_1 = -1020 \GeV$, $M_2 = -730 \GeV$, $M_3=-590 \GeV$. Details on how this spectrum was derived are presented in Section \ref{Features.SEC}. For the gaugino masses and trilinear, we take the sign convention opposite to that of \texttt{SOFTSUSY}  \cite{Allanach:2001kg}. This relative sign affects the 2-loop term in the gaugino mass RGE's which is proportional to $A_t$.</subfield>
  </datafield>
  <datafield tag="856" ind1="4" ind2=" ">
    <subfield code="s">1290721</subfield>
    <subfield code="u">http://inspirehep.net/record/1310384/files/arXiv:1408.1961.pdf</subfield>
  </datafield>
  <datafield tag="909" ind1="C" ind2="O">
    <subfield code="o">oai:inspirehep.net:1310384</subfield>
    <subfield code="p">INSPIRE:HEP</subfield>
  </datafield>
  <datafield tag="980" ind1=" " ind2=" ">
    <subfield code="a">CORE</subfield>
  </datafield>
  <datafield tag="980" ind1=" " ind2=" ">
    <subfield code="a">arXiv</subfield>
  </datafield>
  <datafield tag="980" ind1=" " ind2=" ">
    <subfield code="a">Citeable</subfield>
  </datafield>
  <datafield tag="980" ind1=" " ind2=" ">
    <subfield code="a">HEP</subfield>
  </datafield>
  <datafield tag="999" ind1="C" ind2="6">
    <subfield code="a">0-1-1-1-0-0-1</subfield>
    <subfield code="t">2014-08-12 08:30:59</subfield>
    <subfield code="v">Invenio/1.1.2.1260-aa76f refextract/1.5.44</subfield>
    <subfield code="v">content.pdf;1</subfield>
  </datafield>
  <datafield tag="999" ind1="C" ind2="5">
    <subfield code="0">396515</subfield>
    <subfield code="h">G. Papadopoulos and P. K. Townsend</subfield>
    <subfield code="o">1</subfield>
    <subfield code="r">hep-th/9506150</subfield>
    <subfield code="s">Phys.Lett.,B357,300</subfield>
    <subfield code="y">1995</subfield>
  </datafield>
  <datafield tag="999" ind1="C" ind2="5">
    <subfield code="0">481402</subfield>
    <subfield code="h">B. S. Acharya</subfield>
    <subfield code="o">2</subfield>
    <subfield code="r">hep-th/9812205</subfield>
    <subfield code="s">Adv.Theor.Math.Phys.,3,227</subfield>
    <subfield code="y">1999</subfield>
  </datafield>
  <datafield tag="999" ind1="C" ind2="5">
    <subfield code="0">536720</subfield>
    <subfield code="h">B. S. Acharya</subfield>
    <subfield code="o">3</subfield>
    <subfield code="r">hep-th/0011089</subfield>
  </datafield>
  <datafield tag="999" ind1="C" ind2="5">
    <subfield code="0">560374</subfield>
    <subfield code="h">M. Atiyah and E. Witten</subfield>
    <subfield code="o">4</subfield>
    <subfield code="r">hep-th/0107177</subfield>
    <subfield code="s">Adv.Theor.Math.Phys.,6,1</subfield>
    <subfield code="y">2003</subfield>
  </datafield>
  <datafield tag="999" ind1="C" ind2="5">
    <subfield code="0">563029</subfield>
    <subfield code="h">B. S. Acharya and E. Witten</subfield>
    <subfield code="o">5</subfield>
    <subfield code="r">hep-th/0109152</subfield>
  </datafield>
  <datafield tag="999" ind1="C" ind2="5">
    <subfield code="0">720174</subfield>
    <subfield code="h">B. S. Acharya, K. Bobkov, G. Kane, P. Kumar and D. Vaman</subfield>
    <subfield code="o">6</subfield>
    <subfield code="r">hep-th/0606262</subfield>
    <subfield code="s">Phys.Rev.Lett.,97,191601</subfield>
    <subfield code="y">2006</subfield>
  </datafield>
  <datafield tag="999" ind1="C" ind2="5">
    <subfield code="0">741718</subfield>
    <subfield code="h">B. S. Acharya, K. Bobkov, G. L. Kane, P. Kumar and J. Shao</subfield>
    <subfield code="o">7</subfield>
    <subfield code="r">hep-th/0701034</subfield>
    <subfield code="s">Phys.Rev.,D76,126010</subfield>
    <subfield code="y">2007</subfield>
  </datafield>
  <datafield tag="999" ind1="C" ind2="5">
    <subfield code="0">776731</subfield>
    <subfield code="h">B. S. Acharya, K. Bobkov, G. L. Kane, J. Shao and P. Kumar</subfield>
    <subfield code="o">8</subfield>
    <subfield code="r">arXiv:0801.0478 [hep-ph]</subfield>
    <subfield code="s">Phys.Rev.,D78,065038</subfield>
    <subfield code="y">2008</subfield>
  </datafield>
  <datafield tag="999" ind1="C" ind2="5">
    <subfield code="0">799890</subfield>
    <subfield code="h">B. S. Acharya and K. Bobkov</subfield>
    <subfield code="o">9</subfield>
    <subfield code="r">arXiv:0810.3285 [hep-th]</subfield>
    <subfield code="s">JHEP,1009,001</subfield>
    <subfield code="y">2010</subfield>
  </datafield>
  <datafield tag="999" ind1="C" ind2="5">
    <subfield code="0">820800</subfield>
    <subfield code="h">G. Kane, P. Kumar and J. Shao</subfield>
    <subfield code="o">10</subfield>
    <subfield code="r">arXiv:0905.2986 [hep-ph]</subfield>
    <subfield code="s">Phys.Rev.,D82,055005</subfield>
    <subfield code="y">2010</subfield>
  </datafield>
  <datafield tag="999" ind1="C" ind2="5">
    <subfield code="0">1298719</subfield>
    <subfield code="h">S. A. R. Ellis and G. L. Kane</subfield>
    <subfield code="o">11</subfield>
    <subfield code="r">arXiv:1405.7719 [hep-ph]</subfield>
  </datafield>
  <datafield tag="999" ind1="C" ind2="5">
    <subfield code="0">918762</subfield>
    <subfield code="h">K. Kadota, G. Kane, J. Kersten and L. Velasco-Sevilla</subfield>
    <subfield code="o">12</subfield>
    <subfield code="r">arXiv:1107.3105 [hep-ph]</subfield>
    <subfield code="s">Eur.Phys.J.,C72,2004</subfield>
    <subfield code="y">2012</subfield>
  </datafield>
  <datafield tag="999" ind1="C" ind2="5">
    <subfield code="0">853443</subfield>
    <subfield code="h">B. S. Acharya, K. Bobkov and P. Kumar</subfield>
    <subfield code="o">13</subfield>
    <subfield code="r">arXiv:1004.5138 [hep-th]</subfield>
    <subfield code="s">JHEP,1011,105</subfield>
    <subfield code="y">2010</subfield>
  </datafield>
  <datafield tag="999" ind1="C" ind2="5">
    <subfield code="0">782891</subfield>
    <subfield code="h">B. S. Acharya, P. Kumar, K. Bobkov, G. Kane, J. Shao and S. Watson</subfield>
    <subfield code="o">14</subfield>
    <subfield code="r">arXiv:0804.0863 [hep-ph]</subfield>
    <subfield code="s">JHEP,0806,064</subfield>
    <subfield code="y">2008</subfield>
  </datafield>
  <datafield tag="999" ind1="C" ind2="5">
    <subfield code="0">925445</subfield>
    <subfield code="h">G. Kane, J. Shao, S. Watson and H. -B. Yu</subfield>
    <subfield code="o">15</subfield>
    <subfield code="r">arXiv:1108.5178 [hep-ph]</subfield>
    <subfield code="s">JCAP,1111,012</subfield>
    <subfield code="y">2011</subfield>
  </datafield>
  <datafield tag="999" ind1="C" ind2="5">
    <subfield code="0">1286631</subfield>
    <subfield code="h">B. S. Acharya, G. L. Kane, P. Kumar, R. Lu and B. Zheng</subfield>
    <subfield code="o">16</subfield>
    <subfield code="r">arXiv:1403.4948 [hep-ph]</subfield>
  </datafield>
  <datafield tag="999" ind1="C" ind2="5">
    <subfield code="h">B. S. Acharya, G. L. Kane, P. Kumar, B. Nelson and B. Zheng</subfield>
    <subfield code="m">In Preparation</subfield>
    <subfield code="o">17</subfield>
  </datafield>
  <datafield tag="999" ind1="C" ind2="5">
    <subfield code="0">1243169</subfield>
    <subfield code="h">J. Fan and M. Reece</subfield>
    <subfield code="o">18</subfield>
    <subfield code="r">arXiv:1307.4400 [hep-ph]</subfield>
    <subfield code="s">JHEP,1310,124</subfield>
    <subfield code="y">2013</subfield>
  </datafield>
  <datafield tag="999" ind1="C" ind2="5">
    <subfield code="0">1242800</subfield>
    <subfield code="h">T. Cohen, M. Lisanti, A. Pierce and T. R. Slatyer</subfield>
    <subfield code="o">19</subfield>
    <subfield code="r">arXiv:1307.4082</subfield>
    <subfield code="s">JCAP,1310,061</subfield>
    <subfield code="y">2013</subfield>
  </datafield>
  <datafield tag="999" ind1="C" ind2="5">
    <subfield code="0">569076</subfield>
    <subfield code="h">E. Witten</subfield>
    <subfield code="o">20</subfield>
    <subfield code="r">hep-ph/0201018</subfield>
  </datafield>
  <datafield tag="999" ind1="C" ind2="5">
    <subfield code="0">886656</subfield>
    <subfield code="h">B. S. Acharya, G. Kane, E. Kuflik and R. Lu</subfield>
    <subfield code="o">21</subfield>
    <subfield code="r">arXiv:1102.0556 [hepph]</subfield>
    <subfield code="s">JHEP,1105,033</subfield>
    <subfield code="y">2011</subfield>
  </datafield>
  <datafield tag="999" ind1="C" ind2="5">
    <subfield code="0">1079924</subfield>
    <subfield code="h">G. Kane, P. Kumar, R. Lu and B. Zheng</subfield>
    <subfield code="o">22</subfield>
    <subfield code="r">arXiv:1112.1059 [hep-ph]</subfield>
    <subfield code="s">Phys.Rev.,D85,075026</subfield>
    <subfield code="y">2012</subfield>
  </datafield>
  <datafield tag="999" ind1="C" ind2="5">
    <subfield code="0">1300650</subfield>
    <subfield code="c">ATLAS Collaboration</subfield>
    <subfield code="h">G. Aad et al.</subfield>
    <subfield code="o">23</subfield>
    <subfield code="r">arXiv:1406.3827 [hep-ex]</subfield>
  </datafield>
  <datafield tag="999" ind1="C" ind2="5">
    <subfield code="c">CMS Collaboration</subfield>
    <subfield code="c">CMS Collaboration</subfield>
    <subfield code="m">CMS-PASHIG-14-009</subfield>
    <subfield code="o">24</subfield>
    <subfield code="t">Precise determination of the mass of the Higgs boson and studies of the compatibility of its couplings with the standard model</subfield>
  </datafield>
  <datafield tag="999" ind1="C" ind2="5">
    <subfield code="0">900682</subfield>
    <subfield code="h">D. Feldman, G. Kane, E. Kuflik and R. Lu</subfield>
    <subfield code="o">25</subfield>
    <subfield code="r">arXiv:1105.3765 [hep-ph]</subfield>
    <subfield code="s">Phys.Lett.,B704,56</subfield>
    <subfield code="y">2011</subfield>
  </datafield>
  <datafield tag="999" ind1="C" ind2="5">
    <subfield code="0">603270</subfield>
    <subfield code="h">T. Friedmann and E. Witten</subfield>
    <subfield code="o">26</subfield>
    <subfield code="r">hep-th/0211269</subfield>
    <subfield code="s">Adv.Theor.Math.Phys.,7,577</subfield>
    <subfield code="y">2003</subfield>
  </datafield>
  <datafield tag="999" ind1="C" ind2="5">
    <subfield code="0">193842</subfield>
    <subfield code="h">I. Affleck, M. Dine and N. Seiberg</subfield>
    <subfield code="o">27</subfield>
    <subfield code="s">Nucl.Phys.,B241,493</subfield>
    <subfield code="y">1984</subfield>
  </datafield>
  <datafield tag="999" ind1="C" ind2="5">
    <subfield code="0">393548</subfield>
    <subfield code="h">D. Finnell and P. Pouliot</subfield>
    <subfield code="o">28</subfield>
    <subfield code="r">hep-th/9503115</subfield>
    <subfield code="s">Nucl.Phys.,B453,225</subfield>
    <subfield code="y">1995</subfield>
  </datafield>
  <datafield tag="999" ind1="C" ind2="5">
    <subfield code="0">858610</subfield>
    <subfield code="h">B. S. Acharya, G. Kane and E. Kuflik</subfield>
    <subfield code="o">29</subfield>
    <subfield code="r">arXiv:1006.3272 [hep-ph]</subfield>
  </datafield>
  <datafield tag="999" ind1="C" ind2="5">
    <subfield code="0">1279919</subfield>
    <subfield code="h">M. Papucci, K. Sakurai, A. Weiler and L. Zeune</subfield>
    <subfield code="o">30</subfield>
    <subfield code="r">arXiv:1402.0492 [hep-ph]</subfield>
  </datafield>
  <datafield tag="999" ind1="C" ind2="5">
    <subfield code="0">555481</subfield>
    <subfield code="h">B. C. Allanach</subfield>
    <subfield code="o">31</subfield>
    <subfield code="r">hep-ph/0104145</subfield>
    <subfield code="s">Comput.Phys.Commun.,143,305</subfield>
    <subfield code="y">2002</subfield>
  </datafield>
  <datafield tag="999" ind1="C" ind2="5">
    <subfield code="0">633203</subfield>
    <subfield code="h">M. Muhlleitner, A. Djouadi and Y. Mambrini</subfield>
    <subfield code="o">32</subfield>
    <subfield code="r">hep-ph/0311167</subfield>
    <subfield code="s">Comput.Phys.Commun.,168,46</subfield>
    <subfield code="y">2005</subfield>
  </datafield>
  <datafield tag="999" ind1="C" ind2="5">
    <subfield code="0">502686</subfield>
    <subfield code="h">T. Moroi and L. Randall</subfield>
    <subfield code="o">33</subfield>
    <subfield code="r">hep-ph/9906527</subfield>
    <subfield code="s">Nucl.Phys.,B570,455</subfield>
    <subfield code="y">2000</subfield>
  </datafield>
  <datafield tag="999" ind1="C" ind2="5">
    <subfield code="0">1116127</subfield>
    <subfield code="h">B. S. Acharya, G. Kane, P. Kumar, R. Lu and B. Zheng</subfield>
    <subfield code="o">34</subfield>
    <subfield code="r">arXiv:1205.5789 [hep-ph]</subfield>
  </datafield>
  <datafield tag="999" ind1="C" ind2="5">
    <subfield code="0">1260941</subfield>
    <subfield code="c">ATLAS Collaboration</subfield>
    <subfield code="h">G. Aad et al.</subfield>
    <subfield code="o">35</subfield>
    <subfield code="r">ATLAS-CONF-2013-061</subfield>
  </datafield>
  <datafield tag="999" ind1="C" ind2="5">
    <subfield code="0">1247060</subfield>
    <subfield code="c">ATLAS Collaboration</subfield>
    <subfield code="h">G. Aad et al.</subfield>
    <subfield code="o">36</subfield>
    <subfield code="s">JHEP,1310,130</subfield>
    <subfield code="y">2013</subfield>
  </datafield>
  <datafield tag="999" ind1="C" ind2="5">
    <subfield code="0">1281837</subfield>
    <subfield code="c">CMS Collaboration</subfield>
    <subfield code="h">S. Chatrchyan et al.</subfield>
    <subfield code="o">37</subfield>
    <subfield code="r">arXiv:1402.4770 [hep-ex]</subfield>
    <subfield code="s">JHEP,1406,055</subfield>
    <subfield code="y">2014</subfield>
  </datafield>
  <datafield tag="999" ind1="C" ind2="5">
    <subfield code="0">1265220</subfield>
    <subfield code="c">CMS Collaboration</subfield>
    <subfield code="h">S. Chatrchyan et al.</subfield>
    <subfield code="o">38</subfield>
    <subfield code="r">arXiv:1311.4937 [hep-ex]</subfield>
    <subfield code="s">Phys.Lett.,B733,328</subfield>
    <subfield code="y">2014</subfield>
  </datafield>
  <datafield tag="999" ind1="C" ind2="5">
    <subfield code="0">1293923</subfield>
    <subfield code="h">J. Alwall, R. Frederix, S. Frixione, V. Hirschi, F. Maltoni, O. Mattelaer, H. -S. Shao and T. Stelzer et al.</subfield>
    <subfield code="o">39</subfield>
    <subfield code="r">arXiv:1405.0301 [hep-ph]</subfield>
  </datafield>
  <datafield tag="999" ind1="C" ind2="5">
    <subfield code="0">425547</subfield>
    <subfield code="h">W. Beenakker, R. Hopker and M. Spira</subfield>
    <subfield code="o">40</subfield>
    <subfield code="r">hep-ph/9611232</subfield>
  </datafield>
  <datafield tag="999" ind1="C" ind2="5">
    <subfield code="0">425100</subfield>
    <subfield code="h">W. Beenakker, R. Hopker, M. Spira and P. M. Zerwas</subfield>
    <subfield code="o">41</subfield>
    <subfield code="r">hep-ph/9610490</subfield>
    <subfield code="s">Nucl.Phys.,B492,51</subfield>
    <subfield code="y">1997</subfield>
  </datafield>
  <datafield tag="999" ind1="C" ind2="5">
    <subfield code="0">501489</subfield>
    <subfield code="h">W. Beenakker, M. Klasen, M. Kramer, T. Plehn, M. Spira and P. M. Zerwas</subfield>
    <subfield code="o">42</subfield>
    <subfield code="r">hep-ph/9906298</subfield>
    <subfield code="s">Phys.Rev.Lett.,83,3780</subfield>
    <subfield code="s">Phys.Rev.Lett.,100,029901</subfield>
    <subfield code="y">1999</subfield>
  </datafield>
  <datafield tag="999" ind1="C" ind2="5">
    <subfield code="0">1244669</subfield>
    <subfield code="c">CMS Collaboration</subfield>
    <subfield code="o">43</subfield>
    <subfield code="r">arXiv:1307.7135</subfield>
  </datafield>
  <datafield tag="999" ind1="C" ind2="5">
    <subfield code="0">1266249</subfield>
    <subfield code="h">T. Cohen, T. Golling, M. Hance, A. Henrichs, K. Howe, J. Loyal, S. Padhi and J. G. Wacker</subfield>
    <subfield code="o">44</subfield>
    <subfield code="r">arXiv:1311.6480 [hep-ph]</subfield>
    <subfield code="s">JHEP,1404,117</subfield>
    <subfield code="y">2014</subfield>
  </datafield>
  <datafield tag="999" ind1="C" ind2="5">
    <subfield code="0">785465</subfield>
    <subfield code="h">G. L. Kane, A. A. Petrov, J. Shao and L. -T. Wang</subfield>
    <subfield code="o">45</subfield>
    <subfield code="r">arXiv:0805.1397 [hep-ph]</subfield>
    <subfield code="s">J.Phys.,G37,045004</subfield>
    <subfield code="y">2010</subfield>
  </datafield>
  <datafield tag="999" ind1="C" ind2="5">
    <subfield code="0">1084700</subfield>
    <subfield code="h">H. Baer, V. Barger, A. Lessa, W. Sreethawong and X. Tata</subfield>
    <subfield code="o">46</subfield>
    <subfield code="r">arXiv:1201.2949 [hep-ph]</subfield>
    <subfield code="s">Phys.Rev.,D85,055022</subfield>
    <subfield code="y">2012</subfield>
  </datafield>
  <datafield tag="999" ind1="C" ind2="5">
    <subfield code="0">1301229</subfield>
    <subfield code="h">T. Cohen, R. T. D’Agnolo, M. Hance, H. K. Lou and J. G. Wacker</subfield>
    <subfield code="o">47</subfield>
    <subfield code="r">arXiv:1406.4512 [hep-ph]</subfield>
  </datafield>
  <datafield tag="999" ind1="C" ind2="5">
    <subfield code="0">1288484</subfield>
    <subfield code="h">M. Low and L. -T. Wang</subfield>
    <subfield code="o">48</subfield>
    <subfield code="r">arXiv:1404.0682 [hep-ph]</subfield>
  </datafield>
  <datafield tag="999" ind1="C" ind2="5">
    <subfield code="0">1298039</subfield>
    <subfield code="h">S. Dawson, A. Ismail and I. Low</subfield>
    <subfield code="o">49</subfield>
    <subfield code="r">arXiv:1405.6211 [hep-ph]</subfield>
  </datafield>
  <datafield tag="999" ind1="C" ind2="5">
    <subfield code="0">1110690</subfield>
    <subfield code="h">B. S. Acharya, G. Kane and P. Kumar</subfield>
    <subfield code="o">50</subfield>
    <subfield code="r">arXiv:1204.2795 [hep-ph]</subfield>
    <subfield code="s">Int.J.Mod.Phys.,A27,1230012</subfield>
    <subfield code="y">2012</subfield>
  </datafield>
  <datafield tag="999" ind1="C" ind2="5">
    <subfield code="0">15868</subfield>
    <subfield code="h">I. Affleck, M. Dine and N. Seiberg</subfield>
    <subfield code="o">51</subfield>
    <subfield code="s">Nucl.Phys.,B256,557</subfield>
    <subfield code="y">1985</subfield>
  </datafield>
  <datafield tag="999" ind1="C" ind2="5">
    <subfield code="0">583845</subfield>
    <subfield code="h">C. Beasley and E. Witten</subfield>
    <subfield code="o">52</subfield>
    <subfield code="r">hep-th/0203061</subfield>
    <subfield code="s">JHEP,0207,046</subfield>
    <subfield code="y">2002</subfield>
  </datafield>
  <datafield tag="999" ind1="C" ind2="5">
    <subfield code="0">445074</subfield>
    <subfield code="h">A. Brignole, L. E. Ibanez and C. Munoz</subfield>
    <subfield code="o">53</subfield>
    <subfield code="r">hep-ph/9707209</subfield>
    <subfield code="s">Adv.Ser.Direct.High Energy Phys.,21,244</subfield>
    <subfield code="y">2010</subfield>
  </datafield>
  <datafield tag="999" ind1="C" ind2="5">
    <subfield code="0">509720</subfield>
    <subfield code="h">J. A. Bagger, T. Moroi and E. Poppitz</subfield>
    <subfield code="o">54</subfield>
    <subfield code="r">hep-th/9911029</subfield>
    <subfield code="s">JHEP,0004,009</subfield>
    <subfield code="y">2000</subfield>
  </datafield>
  <datafield tag="999" ind1="C" ind2="5">
    <subfield code="0">716959</subfield>
    <subfield code="h">J. P. Conlon and F. Quevedo</subfield>
    <subfield code="o">55</subfield>
    <subfield code="r">hep-th/0605141</subfield>
    <subfield code="s">JHEP,0606,029</subfield>
    <subfield code="y">2006</subfield>
  </datafield>
  <datafield tag="999" ind1="C" ind2="5">
    <subfield code="0">744626</subfield>
    <subfield code="h">K. Choi and H. P. Nilles</subfield>
    <subfield code="m">[HEP-PH]]</subfield>
    <subfield code="o">56</subfield>
    <subfield code="r">hep-ph/0702146</subfield>
    <subfield code="s">JHEP,0704,006</subfield>
    <subfield code="y">2007</subfield>
  </datafield>
  <datafield tag="999" ind1="C" ind2="5">
    <subfield code="0">262918</subfield>
    <subfield code="h">G. F. Giudice and A. Masiero</subfield>
    <subfield code="o">57</subfield>
    <subfield code="s">Phys.Lett.,B206,480</subfield>
    <subfield code="y">1988</subfield>
  </datafield>
  <datafield tag="999" ind1="C" ind2="5">
    <subfield code="0">419242</subfield>
    <subfield code="h">D. M. Pierce, J. A. Bagger, K. T. Matchev</subfield>
    <subfield code="m">and R. -j. Zhang</subfield>
    <subfield code="o">58</subfield>
    <subfield code="r">hep-ph/9606211</subfield>
    <subfield code="s">Nucl.Phys.,B491,3</subfield>
    <subfield code="y">1997</subfield>
  </datafield>
  <datafield tag="999" ind1="C" ind2="5">
    <subfield code="0">925888</subfield>
    <subfield code="h">G. F. Giudice and A. Strumia</subfield>
    <subfield code="o">59</subfield>
    <subfield code="r">arXiv:1108.6077 [hep-ph]</subfield>
    <subfield code="s">Nucl.Phys.,B858,63</subfield>
    <subfield code="y">2012</subfield>
  </datafield>
  <datafield tag="999" ind1="C" ind2="5">
    <subfield code="0">1272896</subfield>
    <subfield code="h">P. Draper, G. Lee and C. E. M. Wagner</subfield>
    <subfield code="o">60</subfield>
    <subfield code="r">arXiv:1312.5743 [hep-ph]</subfield>
    <subfield code="s">Phys.Rev.,D89,055023</subfield>
    <subfield code="y">2014</subfield>
  </datafield>
</record>